2091 2911
1786 19 1843 61 νζ

628 136 681 202 C
773 138 833 202 A
925 140 985 202 P.
1125 137 1258 202 VII.
1676 142 1781 220 ³93.

56 288 66 297 —»
115 276 237 311 rum
253 255 576 311 illusionibus
591 256 862 328 expositos
876 257 1028 311 fuisse
1046 292 1060 315 ‚
1077 271 1305 328 propter
1344 274 1551 312 nornen
1573 262 1783 327 ‘Mefflae

114 333 423 386 affe&atum
439 331 468 384 a
481 331 690 385 Christo
706 344 961 404 cognato.
1042 333 1123 383 Sic
1139 331 1394 386 Diabolus
1408 333 1651 389 humahae
1665 334 1785 390 salu-

114 408 185 459 tis
199 407 378 464 hostis,
395 404 544 478 quod
557 423 650 476 per
674 404 897 475 seipsum
924 407 1230 459 tentatione
1256 406 1511 476 perficere
1537 429 1652 464 non
1676 430 1783 482 po-

113 482 223 533 tuit
240 503 249 533 :
276 487 430 534 Matt.
450 498 498 544 4.
515 479 572 532 id
584 497 679 551 per
694 478 1116 552 consangvineos
1131 479 1323 532 C’hristi
1338 482 1684 539 moliebatur.

105 554 114 559 ’
188 561 251 609 V,
294 563 335 607 6.
418 558 560 620 Λέγω.
606 552 920 624 Respondet
936 553 1186 611 Chr-istus,
1202 553 1355 606 aliam
1374 557 1474 607 effe
1491 557 1607 628 ipsis
1624 577 1782 631 opor-

113 629 407 682 tunitatem
422 628 702 698 temporis,
718 628 814 681 alifi
827 627 937 680 fibi:
955 627 1030 679 illi
1047 646 1170 681 cum
1185 629 1415 682 habeant
1442 631 1631 685 eadem
1659 652 1785 690 cum

113 701 323 756 mundo
338 702 520 760 studia,
538 707 589 756 &
603 701 671 774 de
697 709 782 756 Me
791 702 877 754 ffia
890 719 947 754 ac
975 702 1122 754 cultu
1140 704 1353 758 *Divino
1380 703 1706 762 sententiam
1732 729 1786 761 u-

111 796 237 832 nam
251 777 458 838 3tutior
473 776 750 831 esteorum
776 795 899 829 cum
925 776 1112 829 Iudaeis
1139 778 1496 837 conversati-o,
1524 799 1648 836 cum
1676 783 1787 856 qui-

111 854 209 906 bus
223 850 371 904 idem
384 851 639 904 sentiunt.
716 851 929 905 Deinde
943 851 1149 907 causam
1166 852 1277 923 odij
1306 872 1415 926 quo
1441 854 1682 922 adversus
1707 858 1781 931 ip-

36 935 44 960 ?
111 925 228 979 sum
245 924 492 978 feruntur
507 927 749 996 exponit,
765 925 895 993 ficut
913 943 1095 980 coram
1112 927 1426 989 Nicodemo
1445 952 1455 982 :
1471 929 1577 1001 sup0
1604 950 1645 985 c,
1663 952 1704 1000 3:
1718 951 1782 1000 23.

113 1001 234 1073 quia
251 1019 372 1052 cum
386 1000 488 1054 fint
503 1019 666 1071 opera
689 1013 881 1054 eorum
910 1000 1073 1057 mala,
1100 1000 1282 1073 ideoss
1312 1000 1340 1053 a
1365 1004 1575 1058 Christo
1602 1023 1783 1077 repre-

116 1075 448 1131 henduntur,
467 1080 516 1128 &
533 1076 800 1128 excitatur
816 1074 946 1127 odiu
959 1092 1019 1133 ac
1038 1074 1341 1129 ulsciscendi
1354 1076 1539 1131 studiu.
1584 1080 1779 1136 Tertio

113 1150 233 1220 quia
248 1164 457 1218 tempus
480 1149 727 1220 passionis
743 1155 850 1218 ejus
864 1167 980 1203 non
995 1148 1126 1202 dum
1139 1151 1308 1208 venit,
1325 1160 1385 1204 ut
1400 1151 1462 1204 fit
1489 1155 1714 1213 necesse,
1731 1154 1781 1208 se

109 1223 168 1275 in
194 1222 529 1275 manifestum
555 1223 839 1276 discrimen
867 1224 1132 1292 conjicere
1162 1246 1175 1286 ;
1205 1225 1343 1295 ipsos
1368 1227 1497 1281 vero
1526 1244 1583 1280 ut
1598 1229 1782 1285 ascen-

110 1296 248 1349 dant
263 1297 530 1354 hortatur,
548 1298 635 1369 qui
653 1297 709 1349 id
723 1298 828 1350 sine
844 1298 1083 1369 periculo
1098 1299 1332 1369 praestare
1347 1302 1580 1371 poss'unt.
1646 1306 1785 1372 035-

113 1372 192 1425 vis
208 1371 352 1424 enim
370 1371 596 1424 insolens
612 1377 661 1425 ὅ(
676 1375 863 1425 acerba
876 1371 941 1424 sit
960 1371 1187 1426 fratrum
1217 1378 1565 1445 exprobratio
1583 1404 1593 1435 :
1621 1380 1778 1450 placi-

109 1445 177 1499 da
192 1462 372 1498 tamen
387 1445 744 1515 responsione,
761 1446 899 1517 ipsos
928 1445 1151 1501 salvator
1177 1448 1425 1521 dignatus
1451 1453 1524 1504 est
1550 1475 1560 1505 z
1603 1456 1781 1509 omni-

104 1520 256 1592 busq3
274 1520 575 1572 Christianis
590 1540 650 1574 ac
672 1521 905 1574 Ecclefiae
928 1520 1178 1575 ministris
1204 1524 1553 1580 humanitatis
1579 1545 1637 1580 ac
1664 1551 1780 1585 mo<

107 1594 281 1649 destiae
296 1595 603 1664 exemplum
617 1597 834 1665 praebet.
890 1658 892 1660 v
915 1599 1034 1650 Hoc
1060 1597 1258 1659 malum
1283 1601 1536 1655 omnibus
1565 1601 1677 1657 fere
1705 1606 1780 1659 in-

105 1686 295 1725 natum
311 1671 398 1725 est,
416 1685 474 1720 ut
491 1689 555 1720 ex
571 1669 661 1721 reli
665 1670 843 1743 gior-iis
859 1672 1004 1722 cultu
1024 1672 1105 1724 vel
1122 1672 1336 1726 inamen
1349 1675 1606 1748 gloriam,
1632 1680 1715 1735 vel
1731 1698 1779 1732 a,

104 1743 764 1798 liamundanacommoda
779 1761 1014 1815 quaerant
1032 1768 1044 1807 3
1060 1746 1189 1799 ficut
1207 1747 1446 1820 discipuli
1474 1772 1484 1803 ε
1513 1757 1667 1808 Matt.
1697 1774 1778 1810 20:

105 1839 187 1872 20.
204 1822 334 1871 Luc,
354 1838 420 1870 22:
439 1836 525 1886 24.
556 1818 857 1889 Superanda
873 1818 943 1870 est
956 1819 1046 1872 ista
1060 1821 1322 1892 cupiditas
1336 1825 1599 1895 precibus,
1615 1846 1674 1882 ae
1687 1829 1775 1903 spe
1850 1822 1853 1823 ⁷

100 1892 295 1947 futura:
308 1892 563 1966 gloriae,&
580 1908 907 1964 contemptu
922 1911 1100 1952 rerum
1115 1898 1563 1955 mundanarum.

31 1963 34 1965 ’
176 1974 227 2023 V
265 1986 351 2021 10.·
420 1967 486 2018 εἰ]
502 1961 563 2018 δὲ.
619 1971 685 2025 11.
726 1985 842 2038 pars
869 1986 978 2039 cap.
1000 1969 1058 2021 in
1085 1989 1201 2042 qua,
1219 1991 1332 2044 quae
1359 1974 1697 2049 lerosolymis
1722 1979 1777 2033 in

64 2061 81 2065 f
100 2040 235 2096 festo
249 2041 388 2114 gesta
403 2041 541 2098 sunt,
558 2042 877 2115 Evangelista
892 2042 1160 2099 describit.
1204 2113 1209 2115 Δ
1240 2047 1360 2101 Post
1372 2046 1563 2102 fratres
1589 2055 1777 2110 Domi«

100 2115 200 2170 nus
225 2115 461 2178 ascendit
488 2138 499 2168 ε
525 2117 770 2171 &hocin
783 2116 1019 2171 occulto:
1038 2119 1198 2174 Iudaei
1213 2137 1393 2175 autem
1407 2124 1632 2185 inimici,
1652 2146 1778 2181 cum

102 2189 350 2245 viderent
381 2189 549 2260 ipsum
591 2209 714 2243 cum
740 2190 990 2245 fratribus
1016 2213 1132 2248 non
1157 2194 1355 2255 adesse,
1381 2198 1547 2253 libere
1574 2200 1642 2254 de
1660 2201 1776 2273 ipso

100 2263 269 2336 magis
286 2263 427 2322 inter
439 2263 488 2315 se
502 2264 828 2337 loquuntur3
846 2284 969 2318 cum
985 2270 1238 2338 putarent
1252 2271 1424 2342 ipsum
1438 2290 1592 2327 metu
1607 2291 1667 2328 ac
1683 2294 1776 2347 pu0

48 2365 52 2368 ·
103 2339 238 2394 dore
254 2338 317 2390 ab
332 2339 556 2409 incepto
570 2341 784 2402 retrahi.
884 2343 1206 2407 Qaerebant
1221 2344 1391 2417 ipsum
1407 2349 1592 2422 magis,
1609 2368 1775 2422 quem

100 2425 289 2484 tamen
316 2409 502 2470 fratres
528 2412 824 2487 significant
839 2413 906 2467 ad
945 2413 1136 2472 festum
1160 2439 1277 2477 non
1292 2421 1425 2481 velle
1460 2417 1773 2489 ascendere:

897 2493 951 2543 N
1023 2508 1050 2543 2
1625 2496 1768 2568 eujus
