2122 2911
268 166 365 232 ,30
885 136 1190 228 Evangel.
1219 134 1440 213 JohanJ

276 261 464 319 Mulier
505 254 833 309 Samaritana
850 289 862 311 ‚
901 274 1011 326 cap.
1030 275 1077 321 4:
1093 273 1165 317 29.
1262 256 1559 309 Doc'torem
1600 253 1764 326 quoss
1790 252 1930 308 futu,

276 355 397 391 rum
413 331 649 387 Messiam
662 330 898 405 agnovit.
927 329 1132 383 ibidem
1170 350 1217 383 v.
1266 348 1326 393 25.
1356 335 1408 384 &
1427 350 1493 391 29.
1575 333 1768 398 Captat
1804 318 1934 384 vero

274 417 383 469 hoc
397 407 569 463 modo
584 400 1021 461 benevolentiam
1036 403 1382 460 Nicodemus‚
1398 405 1519 476 quia
1543 402 1776 454 Christus
1802 403 1933 473 seip-
1999 417 2003 419 ’

278 488 394 542 sum
409 485 481 536 eis
497 501 609 536 non
625 479 856 533 credidit
883 478 988 549 sup.
1008 496 1051 530 c:
1069 498 1107 531 z:
1126 498 1203 543 24.
1231 494 1290 528 ut
1307 477 1483 530 secure
1503 495 1627 529 cum
1643 475 1754 546 ipso
1771 477 1838 530 de
1861 477 1955 528 sa-—

277 562 403 615 lutis
418 564 469 612 ὅ(
487 557 613 612 fidei
634 554 872 628 negocijs
887 550 1182 607 conferret:
1195 552 1406 623 syncere
1423 549 1550 623 itaq3
1566 551 1677 624 agit
1693 585 1707 607 ,
1723 569 1839 607 non
1850 549 1937 603 fal-

278 637 471 690 laciter
487 628 795 687 &insidiose
811 650 826 691 ;
865 627 995 681 ficut
1010 626 1247 682 Pharisaei
1260 660 1273 682 ‚
1289 632 1441 678 Matt.
1463 644 1531 678 22:
1553 647 1615 686 19·

351 717 415 765 V,
467 728 502 775 3.
578 705 783 767 ἐπόθη.
829 700 1118 771 Responsio
1134 699 1341 757 Christi,
1358 718 1459 772 qua
1474 699 1636 753 docet
1654 735 1666 756 ‚
1695 720 1728 752 1.
1758 698 1940 752 homi-

278 805 408 840 nem
423 780 614 835 carnali
627 776 1022 849 propagatione
1037 775 1305 848 genitum,
1323 793 1438 828 non
1452 774 1596 844 posse
1610 790 1811 828 naturae
1823 774 1942 828 viri-

279 864 377 916 bus
390 874 618 930 regnum
632 853 735 905 Dei
748 851 930 905 videre
947 854 960 913 ζ
977 851 1082 903 hoc
1097 850 1183 905 est,
1198 849 1363 902 fidem
1378 853 1427 901 ὅ(
1444 848 1694 902 Divinam
1706 848 1944 902 vocatio-

279 954 405 988 nem
423 930 709 1002 percipere.
745 944 785 977 2.
802 924 892 978 Ad
907 925 1060 997 regni
1074 925 1177 977 Dei
1193 924 1481 996 ingress'um
1495 941 1635 975 nova
1649 921 1942 992 dispositio-

280 1029 349 1063 ne
368 1024 500 1078 opus
515 1005 633 1060 esl'e,
651 1018 743 1072 per
758 999 1095 1072 regeneratio
1107 1018 1250 1054 nem,
1279 1002 1330 1050 ὅ(
1345 1015 1404 1050 ea
1416 997 1714 1070 generatio,
1729 995 1759 1048 a
1770 995 1943 1066 super-

282 1086 364 1136 nis
378 1081 544 1137 venit,
560 1079 665 1130 hoc
681 1074 828 1128 enim
841 1073 954 1128 vult
968 1092 1075 1127 vox
1089 1074 1249 1138 Σίνωῇψ
1265 1096 1273 1124 ;
1292 1090 1404 1144 quae
1421 1074 1476 1124 in
1490 1070 1677 1125 eadem
1691 1069 1944 1143 fignifica-

282 1160 436 1210 tione
452 1153 737 1205 adhibetur
763 1146 918 1204 infra,
945 1165 1056 1218 cap,
1075 1167 1135 1210 19:
1166 1167 1221 1200 11.
1268 1147 1371 1201 ubi
1395 1146 1627 1198 Christus
1652 1143 1944 1216 respondet

280 1233 452 1285 Pilato
471 1251 480 1281 :
501 1229 604 1279 Non
620 1223 1093 1290 haberes'pOtefiatem
1107 1221 1380 1284 adversfime
1409 1220 1567 1276 ullam,
1585 1222 1677 1283 nisi
1681 1220 1773 1271 tibi
1783 1218 1945 1271 datum

283 1308 385 1376 effe-t
406 1302 564 1355 ἅνοθεν
581 1343 593 1358 ,
607 1300 789 1369 desuper
812 1317 829 1348 :
850 1316 963 1369 qua:
977 1296 1292 1370 significatio
1307 1295 1430 1348 huic
1445 1294 1778 1368 Evangelistae
1792 1293 1863 1348 est
1875 1282 1945 1344 fa-

284 1376 516 1434 miliaris.
593 1373 829 1441 Qidam
846 1371 975 1426 vero
991 1356 1227 1424 reddunt
1253 1388 1346 1441 per
1371 1371 1547 1432 denum
1573 1368 1665 1421 sed
1689 1369 1836 1439 prior
1853 1387 1945 1423 ex-

285 1453 504 1527 plicatio
522 1450 690 1523 magis
705 1446 926 1520 quadrat
946 1446 1012 1499 ad
1025 1444 1315 1518 sequentia,
1330 1465 1376 1499 v.
1395 1462 1431 1510 5.
1461 1442 1668 1498 scilicet
1685 1459 1944 1514 oportere

284 1548 387 1584 nos
401 1545 494 1599 per
508 1525 766 1596 Spiritum
780 1520 993 1578 renasci,
1021 1521 1112 1593 qui
1131 1538 1197 1572 ex
1220 1519 1455 1590 supernis
1478 1519 1628 1573 venit
1656 1519 1806 1581 3Act:
1833 1535 1875 1570 2:
1901 1536 1940 1571 2.

283 1602 429 1657 unde
444 1602 607 1653 etiam
621 1599 769 1651 venit
771 1599 973 1669 superna
988 1599 1187 1647 vocati&
1205 1599 1255 1648 ὃ(
1270 1593 1539 1664 sapientia,
1556 1593 1682 1645 Phil.
1699 1612 1734 1658 3:
1753 1610 1824 1657 14.
1839 1595 1943 1658 Jac.

284 1697 408 1745 317,
426 1681 532 1729 &c.
550 1695 583 1730 ιε
612 1691 678 1729 17.
768 1669 892 1723 Haec
915 1671 1073 1724 verba
1100 1669 1291 1723 Christi
1318 1684 1442 1724 vera
1455 1667 1556 1720 esse
1573 1703 1586 1724 ‚
1609 1665 1946 1723 ‘Nicodemus

286 1753 472 1822 inepta
487 1748 807 1819 exceptione
822 1743 1060 1800 ostendit
1076 1779 1089 1800 ,
1117 1744 1207 1815 qui
1236 1759 1296 1794 ea
1321 1741 1519 1796 carnali
1543 1740 1690 1794 sensu
1702 1755 1946 1811 accepta,

278 1844 417 1880 cum
434 1824 494 1877 fit
511 1822 743 1877 carnalis,
764 1838 879 1873 non
891 1818 1165 1891 intelligit,
1182 1816 1275 1873 nifi
1291 1815 1356 1869 de
1369 1816 1721 1890 generatione
1737 1814 1944 1871 carnali,

289 1918 410 1953 cum
439 1897 670 1950 Christus
695 1896 760 1948 de
774 1892 1008 1964 spirtuali
1032 1892 1298 1963 loquatur.
1375 1890 1456 1942 Sic
1472 1890 1645 1945 homo
1670 1888 1867 1959 lapiens
1895 1893 1948 1942 &

288 1976 346 2026 in
362 1972 624 2046 dignitate
638 1988 695 2022 ac
711 1967 1006 2021 eminentia
1019 1967 1357 2021 constitutus,
1375 1964 1431 2014 in
1445 1962 1750 2036 gravissimo
1774 1960 1947 2014 laluti's

288 2050 522 2120 negocio
537 2044 899 2098 hallucinatur,
927 2045 979 2094 &
993 2056 1149 2112 putat
1166 2040 1433 2096 Christum
1449 2036 1788 2108 impossibilia
1801 2035 1947 2109 flagi-

288 2136 419 2177 tare,
437 2135 628 2173 contra
641 2133 839 2169 naturae
854 2115 1155 2169 ordinem.
1708 2136 1712 2138 ·

357 2201 420 2248 V.
468 2212 500 2258 5.
583 2193 828 2254 Α’πυιώη.
858 2209 892 2241 zv
932 2188 1066 2259 Itac‘p
1081 2188 1318 2241 Salvator
1336 2204 1451 2239 rem
1467 2184 1651 2236 clarius
1666 2184 1857 2255 eplicat
1872 2217 1885 2239 ,
1902 2202 1951 2236 e-

286 2266 433 2338 umc¹13
450 2268 503 2318 in
519 2266 894 2338 cognitionem
910 2261 1158 2332 baPtismi
1174 2260 1392 2313 deducit
1412 2283 1424 2323 ;
1455 2258 1606 2330 quod
1619 2259 1691 2313 est
1715 2259 1771 2313 in
1796 2276 1944 2311 novo

289 2343 612 2405 testamento
627 2339 1011 2389 sacramentum
1026 2335 1365 2389 initiationis,
1382 2352 1474 2404 per
1491 2331 1641 2403 quod
1656 2336 1737 2402 Sp.
1753 2331 1948 2382 sancius

292 2429 541 2487 operatur
570 2411 1051 2493 regenerationem.
1129 2409 1421 2482 Duplicem
1446 2407 1667 2462 adhibet
1701 2406 1950 2484 assevera-

1836 2491 1948 2529 tio-
