<?xml version="1.0" encoding="UTF-8"?>
<!DOCTYPE html PUBLIC "-//W3C//DTD XHTML 1.0 Transitional//EN"
    "http://www.w3.org/TR/xhtml1/DTD/xhtml1-transitional.dtd">
<html xmlns="http://www.w3.org/1999/xhtml" xml:lang="en" lang="en">
 <head>
  <title>
</title>
<meta http-equiv="Content-Type" content="text/html;charset=utf-8" />
  <meta name='ocr-system' content='tesseract 3.04.00' />
  <meta name='ocr-capabilities' content='ocr_page ocr_carea ocr_par ocr_line ocrx_word'/>
</head>
<body>
  <div class='ocr_page' id='page_1' title='image "./inevangeliumjoha00len_0371.png"; bbox 0 0 2008 2911; ppageno 0'>
   <div class='ocr_carea' id='block_1_1' title="bbox 584 169 1821 264">
    <p class='ocr_par' dir='ltr' id='par_1_1' title="bbox 584 169 1821 264">
     <span class='ocr_line' id='line_1_1' title="bbox 584 169 1821 264; baseline 0.004 -35"><span class='ocrx_word' id='word_1_1' title='bbox 584 169 647 229; x_wconf 62' lang='lat' dir='ltr'>‚c</span> <span class='ocrx_word' id='word_1_2' title='bbox 741 169 795 231; x_wconf 80' lang='lat' dir='ltr'><strong>A</strong></span> <span class='ocrx_word' id='word_1_3' title='bbox 891 169 946 231; x_wconf 81' lang='lat' dir='ltr'>P.</span> <span class='ocrx_word' id='word_1_4' title='bbox 1149 173 1269 236; x_wconf 74' lang='lat' dir='ltr'>vi.</span> <span class='ocrx_word' id='word_1_5' title='bbox 1623 217 1626 219; x_wconf 38' lang='lat'>&gt;</span> <span class='ocrx_word' id='word_1_6' title='bbox 1713 181 1821 264; x_wconf 76' lang='lat'>357(</span> 
     </span>
    </p>
   </div>
   <div class='ocr_carea' id='block_1_2' title="bbox 48 289 1818 2564">
    <p class='ocr_par' dir='ltr' id='par_1_2' title="bbox 136 289 1818 1465">
     <span class='ocr_line' id='line_1_2' title="bbox 156 289 1818 362; baseline 0.006 -19"><span class='ocrx_word' id='word_1_7' title='bbox 156 289 372 346; x_wconf 86' lang='lat' dir='ltr'>tatibus,</span> <span class='ocrx_word' id='word_1_8' title='bbox 389 289 422 342; x_wconf 84' lang='lat' dir='ltr'>fi</span> <span class='ocrx_word' id='word_1_9' title='bbox 438 307 536 360; x_wconf 86' lang='lat' dir='ltr'>qua</span> <span class='ocrx_word' id='word_1_10' title='bbox 552 289 630 346; x_wconf 79' lang='lat' dir='ltr'>sit,</span> <span class='ocrx_word' id='word_1_11' title='bbox 648 307 812 342; x_wconf 90' lang='lat' dir='ltr'>nemo</span> <span class='ocrx_word' id='word_1_12' title='bbox 827 289 1051 361; x_wconf 77' lang='lat' dir='ltr'>cogitat,</span> <span class='ocrx_word' id='word_1_13' title='bbox 1068 290 1154 343; x_wconf 85' lang='lat' dir='ltr'>sed</span> <span class='ocrx_word' id='word_1_14' title='bbox 1171 291 1320 362; x_wconf 89' lang='lat' dir='ltr'>quod</span> <span class='ocrx_word' id='word_1_15' title='bbox 1335 291 1576 348; x_wconf 82' lang='lat' dir='ltr'>societati</span> <span class='ocrx_word' id='word_1_16' title='bbox 1605 299 1818 353; x_wconf 65' lang='lat' dir='ltr'>conduae&#39;</span> 
     </span>
     <span class='ocr_line' id='line_1_3' title="bbox 154 363 1814 428; baseline 0.007 -13"><span class='ocrx_word' id='word_1_17' title='bbox 154 364 248 420; x_wconf 90' lang='lat' dir='ltr'>cit,</span> <span class='ocrx_word' id='word_1_18' title='bbox 267 363 664 416; x_wconf 85' lang='lat' dir='ltr'>addeclinanda</span> <span class='ocrx_word' id='word_1_19' title='bbox 677 363 988 416; x_wconf 87' lang='lat' dir='ltr'>communia</span> <span class='ocrx_word' id='word_1_20' title='bbox 1002 364 1371 418; x_wconf 83' lang='lat' dir='ltr'>incommoda.</span> <span class='ocrx_word' id='word_1_21' title='bbox 1455 370 1574 420; x_wconf 85' lang='lat' dir='ltr'>Alia</span> <span class='ocrx_word' id='word_1_22' title='bbox 1586 371 1656 422; x_wconf 88' lang='lat' dir='ltr'>est</span> <span class='ocrx_word' id='word_1_23' title='bbox 1682 374 1814 428; x_wconf 85' lang='lat' dir='ltr'>unio</span> 
     </span>
     <span class='ocr_line' id='line_1_4' title="bbox 154 437 1814 508; baseline 0.007 -21"><span class='ocrx_word' id='word_1_24' title='bbox 154 437 288 489; x_wconf 87' lang='lat' dir='ltr'>item</span> <span class='ocrx_word' id='word_1_25' title='bbox 303 455 368 488; x_wconf 85' lang='lat' dir='ltr'>ex</span> <span class='ocrx_word' id='word_1_26' title='bbox 381 437 581 490; x_wconf 87' lang='lat' dir='ltr'>virtute</span> <span class='ocrx_word' id='word_1_27' title='bbox 596 437 934 506; x_wconf 81' lang='lat' dir='ltr'>proveniens,</span> <span class='ocrx_word' id='word_1_28' title='bbox 955 455 1069 508; x_wconf 80' lang='lat' dir='ltr'>quae</span> <span class='ocrx_word' id='word_1_29' title='bbox 1082 437 1192 490; x_wconf 85' lang='lat' dir='ltr'>fola</span> <span class='ocrx_word' id='word_1_30' title='bbox 1202 457 1385 492; x_wconf 86' lang='lat' dir='ltr'>veram</span> <span class='ocrx_word' id='word_1_31' title='bbox 1397 442 1538 493; x_wconf 83' lang='lat' dir='ltr'>inter</span> <span class='ocrx_word' id='word_1_32' title='bbox 1562 444 1814 499; x_wconf 77' lang='lat' dir='ltr'>homines</span> 
     </span>
     <span class='ocr_line' id='line_1_5' title="bbox 151 509 1808 581; baseline 0.007 -21"><span class='ocrx_word' id='word_1_33' title='bbox 151 510 444 566; x_wconf 75' lang='lat' dir='ltr'>amicitiam</span> <span class='ocrx_word' id='word_1_34' title='bbox 460 525 710 581; x_wconf 82' lang='lat' dir='ltr'>generat3</span> <span class='ocrx_word' id='word_1_35' title='bbox 739 509 974 563; x_wconf 87' lang='lat' dir='ltr'>docente</span> <span class='ocrx_word' id='word_1_36' title='bbox 989 510 1277 564; x_wconf 85' lang='lat' dir='ltr'>Aristotele</span> <span class='ocrx_word' id='word_1_37' title='bbox 1294 549 1307 569; x_wconf 88' lang='lat'>,</span> <span class='ocrx_word' id='word_1_38' title='bbox 1349 535 1392 577; x_wconf 94' lang='lat'>7.</span> <span class='ocrx_word' id='word_1_39' title='bbox 1419 515 1590 567; x_wconf 79' lang='lat' dir='ltr'>Ethic.</span> <span class='ocrx_word' id='word_1_40' title='bbox 1615 517 1808 571; x_wconf 53' lang='lat' dir='ltr'>acl-Ni-</span> 
     </span>
     <span class='ocr_line' id='line_1_6' title="bbox 151 583 1810 655; baseline 0.004 -21"><span class='ocrx_word' id='word_1_41' title='bbox 151 584 329 636; x_wconf 79' lang='lat' dir='ltr'>chom.</span> <span class='ocrx_word' id='word_1_42' title='bbox 409 583 829 636; x_wconf 85' lang='lat' dir='ltr'>Christianorum</span> <span class='ocrx_word' id='word_1_43' title='bbox 844 583 1055 649; x_wconf 71' lang='lat' dir='ltr'>vero-est</span> <span class='ocrx_word' id='word_1_44' title='bbox 1073 584 1245 637; x_wconf 85' lang='lat' dir='ltr'>unitas</span> <span class='ocrx_word' id='word_1_45' title='bbox 1259 588 1496 655; x_wconf 81' lang='lat' dir='ltr'>Spiritus,</span> <span class='ocrx_word' id='word_1_46' title='bbox 1512 589 1567 639; x_wconf 88' lang='lat' dir='ltr'>in</span> <span class='ocrx_word' id='word_1_47' title='bbox 1593 590 1810 646; x_wconf 81' lang='lat' dir='ltr'>vinculo</span> 
     </span>
     <span class='ocr_line' id='line_1_7' title="bbox 146 656 1809 730; baseline 0.007 -24"><span class='ocrx_word' id='word_1_48' title='bbox 146 656 302 725; x_wconf 21' lang='lat' dir='ltr'>palcis,</span> <span class='ocrx_word' id='word_1_49' title='bbox 316 674 382 707; x_wconf 84' lang='lat' dir='ltr'>ex</span> <span class='ocrx_word' id='word_1_50' title='bbox 397 656 616 708; x_wconf 83' lang='lat' dir='ltr'>caritate</span> <span class='ocrx_word' id='word_1_51' title='bbox 632 657 976 726; x_wconf 83' lang='lat' dir='ltr'>proveniens:</span> <span class='ocrx_word' id='word_1_52' title='bbox 1005 658 1205 714; x_wconf 86' lang='lat' dir='ltr'>cumfit</span> <span class='ocrx_word' id='word_1_53' title='bbox 1222 677 1391 712; x_wconf 87' lang='lat' dir='ltr'>unum</span> <span class='ocrx_word' id='word_1_54' title='bbox 1407 679 1599 730; x_wconf 87' lang='lat' dir='ltr'>corpus</span> <span class='ocrx_word' id='word_1_55' title='bbox 1628 664 1809 717; x_wconf 77' lang='lat' dir='ltr'>Eccle-</span> 
     </span>
     <span class='ocr_line' id='line_1_8' title="bbox 147 728 1807 800; baseline 0.005 -19"><span class='ocrx_word' id='word_1_56' title='bbox 147 728 381 785; x_wconf 84' lang='lat' dir='ltr'>fiae‚·&amp;in</span> <span class='ocrx_word' id='word_1_57' title='bbox 396 729 487 782; x_wconf 87' lang='lat' dir='ltr'>illo</span> <span class='ocrx_word' id='word_1_58' title='bbox 505 746 733 798; x_wconf 86' lang='lat' dir='ltr'>corpore</span> <span class='ocrx_word' id='word_1_59' title='bbox 758 746 892 782; x_wconf 85' lang='lat' dir='ltr'>unus</span> <span class='ocrx_word' id='word_1_60' title='bbox 917 730 1156 800; x_wconf 81' lang='lat' dir='ltr'>Spiritus,</span> <span class='ocrx_word' id='word_1_61' title='bbox 1235 739 1438 786; x_wconf 87' lang='lat' dir='ltr'><strong>Omnes</strong></span> <span class='ocrx_word' id='word_1_62' title='bbox 1461 735 1639 788; x_wconf 83' lang='lat' dir='ltr'>vocati</span> <span class='ocrx_word' id='word_1_63' title='bbox 1665 733 1721 789; x_wconf 89' lang='lat' dir='ltr'>in</span> <span class='ocrx_word' id='word_1_64' title='bbox 1745 755 1807 788; x_wconf 78' lang='lat' dir='ltr'>u-</span> 
     </span>
     <span class='ocr_line' id='line_1_9' title="bbox 145 801 1806 874; baseline 0.005 -19"><span class='ocrx_word' id='word_1_65' title='bbox 145 820 270 855; x_wconf 84' lang='lat' dir='ltr'>nam</span> <span class='ocrx_word' id='word_1_66' title='bbox 283 801 446 873; x_wconf 79' lang='lat' dir='ltr'>spem,</span> <span class='ocrx_word' id='word_1_67' title='bbox 462 801 660 855; x_wconf 84' lang='lat' dir='ltr'>scilicet</span> <span class='ocrx_word' id='word_1_68' title='bbox 675 802 851 858; x_wconf 81' lang='lat' dir='ltr'>salutis</span> <span class='ocrx_word' id='word_1_69' title='bbox 877 821 1143 874; x_wconf 74' lang='lat' dir='ltr'>3quorum</span> <span class='ocrx_word' id='word_1_70' title='bbox 1154 823 1290 859; x_wconf 85' lang='lat' dir='ltr'>unus</span> <span class='ocrx_word' id='word_1_71' title='bbox 1306 808 1591 865; x_wconf 80' lang='lat' dir='ltr'>Dominus,</span> <span class='ocrx_word' id='word_1_72' title='bbox 1617 827 1718 863; x_wconf 88' lang='lat' dir='ltr'>una</span> <span class='ocrx_word' id='word_1_73' title='bbox 1742 810 1806 864; x_wconf 82' lang='lat' dir='ltr'>fi-</span> 
     </span>
     <span class='ocr_line' id='line_1_10' title="bbox 144 874 1801 952; baseline 0.004 -23"><span class='ocrx_word' id='word_1_74' title='bbox 144 874 256 931; x_wconf 81' lang='lat' dir='ltr'>des,</span> <span class='ocrx_word' id='word_1_75' title='bbox 269 894 440 928; x_wconf 89' lang='lat' dir='ltr'>unum</span> <span class='ocrx_word' id='word_1_76' title='bbox 459 875 734 946; x_wconf 84' lang='lat' dir='ltr'>baptisma,</span> <span class='ocrx_word' id='word_1_77' title='bbox 749 883 884 930; x_wconf 82' lang='lat' dir='ltr'>unus</span> <span class='ocrx_word' id='word_1_78' title='bbox 897 881 1108 932; x_wconf 86' lang='lat' dir='ltr'>Deus&amp;</span> <span class='ocrx_word' id='word_1_79' title='bbox 1121 880 1544 948; x_wconf 76' lang='lat' dir='ltr'>pater-omniurn</span> <span class='ocrx_word' id='word_1_80' title='bbox 1562 904 1573 933; x_wconf 82' lang='lat'>2</span> <span class='ocrx_word' id='word_1_81' title='bbox 1604 884 1731 952; x_wconf 84' lang='lat' dir='ltr'>Eph.</span> <span class='ocrx_word' id='word_1_82' title='bbox 1751 904 1801 950; x_wconf 67' lang='lat'>4³</span> 
     </span>
     <span class='ocr_line' id='line_1_11' title="bbox 142 949 1798 1019; baseline 0.004 -16"><span class='ocrx_word' id='word_1_83' title='bbox 142 970 180 1003; x_wconf 85' lang='lat'>2.</span> <span class='ocrx_word' id='word_1_84' title='bbox 224 957 372 1002; x_wconf 85' lang='lat' dir='ltr'>Unus</span> <span class='ocrx_word' id='word_1_85' title='bbox 387 951 555 1002; x_wconf 89' lang='lat' dir='ltr'>etia-m</span> <span class='ocrx_word' id='word_1_86' title='bbox 573 949 843 1013; x_wconf 84' lang='lat' dir='ltr'>Medi-ator</span> <span class='ocrx_word' id='word_1_87' title='bbox 857 951 1107 1003; x_wconf 83' lang='lat' dir='ltr'>Christus.</span> <span class='ocrx_word' id='word_1_88' title='bbox 1133 970 1170 1005; x_wconf 90' lang='lat'>1.</span> <span class='ocrx_word' id='word_1_89' title='bbox 1188 952 1330 1006; x_wconf 88' lang='lat' dir='ltr'>Tim.</span> <span class='ocrx_word' id='word_1_90' title='bbox 1347 973 1388 1006; x_wconf 87' lang='lat'>2:</span> <span class='ocrx_word' id='word_1_91' title='bbox 1406 974 1438 1019; x_wconf 66' lang='grc' dir='ltr'>ς.</span> <span class='ocrx_word' id='word_1_92' title='bbox 1453 955 1701 1008; x_wconf 82' lang='lat' dir='ltr'>Caritatis</span> <span class='ocrx_word' id='word_1_93' title='bbox 1718 975 1798 1009; x_wconf 83' lang='lat' dir='ltr'>re-</span> 
     </span>
     <span class='ocr_line' id='line_1_12' title="bbox 142 1022 1800 1096; baseline 0.005 -21"><span class='ocrx_word' id='word_1_94' title='bbox 142 1024 264 1096; x_wconf 87' lang='lat' dir='ltr'>gula</span> <span class='ocrx_word' id='word_1_95' title='bbox 281 1023 371 1081; x_wconf 92' lang='lat' dir='ltr'>est,</span> <span class='ocrx_word' id='word_1_96' title='bbox 387 1037 447 1075; x_wconf 91' lang='lat' dir='ltr'>ut</span> <span class='ocrx_word' id='word_1_97' title='bbox 462 1042 627 1077; x_wconf 87' lang='lat' dir='ltr'>nemo</span> <span class='ocrx_word' id='word_1_98' title='bbox 644 1041 758 1094; x_wconf 80' lang='lat' dir='ltr'>quae</span> <span class='ocrx_word' id='word_1_99' title='bbox 771 1022 856 1074; x_wconf 87' lang='lat' dir='ltr'>sua</span> <span class='ocrx_word' id='word_1_100' title='bbox 880 1024 999 1076; x_wconf 89' lang='lat' dir='ltr'>sunt</span> <span class='ocrx_word' id='word_1_101' title='bbox 1017 1039 1231 1095; x_wconf 67' lang='lat' dir='ltr'>quaerat.</span> <span class='ocrx_word' id='word_1_102' title='bbox 1260 1046 1295 1078; x_wconf 91' lang='lat'>1.</span> <span class='ocrx_word' id='word_1_103' title='bbox 1323 1030 1447 1080; x_wconf 85' lang='lat' dir='ltr'>Cor.</span> <span class='ocrx_word' id='word_1_104' title='bbox 1466 1047 1542 1081; x_wconf 88' lang='lat'>10:</span> <span class='ocrx_word' id='word_1_105' title='bbox 1562 1047 1637 1093; x_wconf 86' lang='lat'>24.</span> <span class='ocrx_word' id='word_1_106' title='bbox 1717 1030 1800 1083; x_wconf 87' lang='lat' dir='ltr'>Sic</span> 
     </span>
     <span class='ocr_line' id='line_1_13' title="bbox 141 1095 1797 1170; baseline 0.002 -20"><span class='ocrx_word' id='word_1_107' title='bbox 141 1098 326 1151; x_wconf 87' lang='lat' dir='ltr'>Paulus</span> <span class='ocrx_word' id='word_1_108' title='bbox 339 1116 451 1150; x_wconf 90' lang='lat' dir='ltr'>nou</span> <span class='ocrx_word' id='word_1_109' title='bbox 467 1095 655 1170; x_wconf 80' lang='lat' dir='ltr'>&#39;quaerit</span> <span class='ocrx_word' id='word_1_110' title='bbox 671 1095 821 1168; x_wconf 92' lang='lat' dir='ltr'>quod</span> <span class='ocrx_word' id='word_1_111' title='bbox 846 1095 940 1166; x_wconf 87' lang='lat' dir='ltr'>ipfi</span> <span class='ocrx_word' id='word_1_112' title='bbox 952 1098 1082 1149; x_wconf 86' lang='lat' dir='ltr'>utile</span> <span class='ocrx_word' id='word_1_113' title='bbox 1108 1097 1302 1160; x_wconf 74' lang='lat' dir='ltr'>espse&#39;d</span> <span class='ocrx_word' id='word_1_114' title='bbox 1329 1098 1480 1170; x_wconf 89' lang='lat' dir='ltr'>quod</span> <span class='ocrx_word' id='word_1_115' title='bbox 1504 1100 1705 1156; x_wconf 81' lang='lat' dir='ltr'>multis,</span> <span class='ocrx_word' id='word_1_116' title='bbox 1733 1118 1797 1154; x_wconf 87' lang='lat' dir='ltr'>ut</span> 
     </span>
     <span class='ocr_line' id='line_1_14' title="bbox 140 1169 1799 1241; baseline 0.002 -18"><span class='ocrx_word' id='word_1_117' title='bbox 140 1171 260 1226; x_wconf 64' lang='lat' dir='ltr'>[alvi</span> <span class='ocrx_word' id='word_1_118' title='bbox 285 1171 443 1223; x_wconf 89' lang='lat' dir='ltr'>fiant:</span> <span class='ocrx_word' id='word_1_119' title='bbox 470 1170 674 1224; x_wconf 88' lang='lat' dir='ltr'>ibidem</span> <span class='ocrx_word' id='word_1_120' title='bbox 687 1189 735 1224; x_wconf 86' lang='lat' dir='ltr'>v.</span> <span class='ocrx_word' id='word_1_121' title='bbox 751 1189 812 1236; x_wconf 88' lang='lat'>33.</span> <span class='ocrx_word' id='word_1_122' title='bbox 829 1169 1007 1241; x_wconf 86' lang='lat' dir='ltr'>quiest</span> <span class='ocrx_word' id='word_1_123' title='bbox 1027 1171 1232 1240; x_wconf 72' lang='lat' dir='ltr'>,primus</span> <span class='ocrx_word' id='word_1_124' title='bbox 1255 1170 1473 1224; x_wconf 62' lang='lat' dir='ltr'>effectus</span> <span class='ocrx_word' id='word_1_125' title='bbox 1498 1172 1638 1226; x_wconf 81' lang='lat' dir='ltr'>fidei.</span> <span class='ocrx_word' id='word_1_126' title='bbox 1716 1176 1799 1227; x_wconf 88' lang='lat' dir='ltr'>Sic</span> 
     </span>
     <span class='ocr_line' id='line_1_15' title="bbox 136 1243 1795 1316; baseline 0 -18"><span class='ocrx_word' id='word_1_127' title='bbox 136 1245 318 1299; x_wconf 89' lang='lat' dir='ltr'>fideles</span> <span class='ocrx_word' id='word_1_128' title='bbox 330 1245 413 1297; x_wconf 90' lang='lat' dir='ltr'>sua</span> <span class='ocrx_word' id='word_1_129' title='bbox 428 1245 612 1298; x_wconf 85' lang='lat' dir='ltr'>omnia</span> <span class='ocrx_word' id='word_1_130' title='bbox 634 1244 688 1297; x_wconf 90' lang='lat' dir='ltr'>in</span> <span class='ocrx_word' id='word_1_131' title='bbox 702 1243 854 1297; x_wconf 82' lang='lat' dir='ltr'>usum</span> <span class='ocrx_word' id='word_1_132' title='bbox 867 1243 1141 1313; x_wconf 79' lang='lat' dir='ltr'>publicum</span> <span class='ocrx_word' id='word_1_133' title='bbox 1167 1244 1520 1302; x_wconf 74' lang='lat' dir='ltr'>contulerunt</span> <span class='ocrx_word' id='word_1_134' title='bbox 1535 1280 1549 1302; x_wconf 95' lang='lat'>,</span> <span class='ocrx_word' id='word_1_135' title='bbox 1575 1245 1642 1299; x_wconf 89' lang='lat' dir='ltr'>ad</span> <span class='ocrx_word' id='word_1_136' title='bbox 1665 1265 1795 1316; x_wconf 87' lang='lat' dir='ltr'>pro-</span> 
     </span>
     <span class='ocr_line' id='line_1_16' title="bbox 139 1316 1796 1390; baseline 0 -17"><span class='ocrx_word' id='word_1_137' title='bbox 139 1318 468 1375; x_wconf 86' lang='lat' dir='ltr'>movendam</span> <span class='ocrx_word' id='word_1_138' title='bbox 482 1318 925 1388; x_wconf 82' lang='lat' dir='ltr'>praedicationem</span> <span class='ocrx_word' id='word_1_139' title='bbox 937 1316 1229 1390; x_wconf 77' lang='lat' dir='ltr'>Evangelij:</span> <span class='ocrx_word' id='word_1_140' title='bbox 1254 1331 1317 1370; x_wconf 88' lang='lat' dir='ltr'>ut</span> <span class='ocrx_word' id='word_1_141' title='bbox 1337 1316 1490 1389; x_wconf 85' lang='lat' dir='ltr'>supra</span> <span class='ocrx_word' id='word_1_142' title='bbox 1513 1336 1623 1390; x_wconf 88' lang='lat' dir='ltr'>cap.</span> <span class='ocrx_word' id='word_1_143' title='bbox 1651 1337 1692 1373; x_wconf 86' lang='lat'>2:</span> <span class='ocrx_word' id='word_1_144' title='bbox 1706 1340 1796 1388; x_wconf 77' lang='lat'>44:</span> 
     </span>
     <span class='ocr_line' id='line_1_17' title="bbox 139 1389 1373 1465; baseline 0 -21"><span class='ocrx_word' id='word_1_145' title='bbox 139 1393 317 1465; x_wconf 79' lang='lat' dir='ltr'>quiest</span> <span class='ocrx_word' id='word_1_146' title='bbox 327 1393 460 1445; x_wconf 88' lang='lat' dir='ltr'>alter</span> <span class='ocrx_word' id='word_1_147' title='bbox 474 1391 600 1446; x_wconf 85' lang='lat' dir='ltr'>fidei</span> <span class='ocrx_word' id='word_1_148' title='bbox 618 1389 834 1445; x_wconf 59' lang='lat' dir='ltr'>effeetus</span> <span class='ocrx_word' id='word_1_149' title='bbox 848 1426 864 1448; x_wconf 96' lang='lat'>,</span> <span class='ocrx_word' id='word_1_150' title='bbox 889 1395 942 1444; x_wconf 89' lang='lat'>&amp;</span> <span class='ocrx_word' id='word_1_151' title='bbox 968 1409 1033 1443; x_wconf 88' lang='lat' dir='ltr'>ex</span> <span class='ocrx_word' id='word_1_152' title='bbox 1044 1391 1225 1460; x_wconf 89' lang='lat' dir='ltr'>priore</span> <span class='ocrx_word' id='word_1_153' title='bbox 1237 1391 1373 1445; x_wconf 89' lang='lat' dir='ltr'>fluit.</span> 
     </span>
    </p>

    <p class='ocr_par' dir='ltr' id='par_1_3' title="bbox 48 1462 1791 1838">
     <span class='ocr_line' id='line_1_18' title="bbox 207 1462 1791 1534; baseline 0.001 -13"><span class='ocrx_word' id='word_1_154' title='bbox 207 1469 272 1522; x_wconf 72' lang='lat' dir='ltr'>V.&#39;</span> <span class='ocrx_word' id='word_1_155' title='bbox 299 1486 357 1533; x_wconf 85' lang='lat'>33.</span> <span class='ocrx_word' id='word_1_156' title='bbox 437 1466 522 1517; x_wconf 73' lang='grc' dir='ltr'>κὰι</span> <span class='ocrx_word' id='word_1_157' title='bbox 545 1464 742 1534; x_wconf 69' lang='grc' dir='ltr'>μεράλη.</span> <span class='ocrx_word' id='word_1_158' title='bbox 769 1464 983 1516; x_wconf 80' lang='lat' dir='ltr'>Tertius</span> <span class='ocrx_word' id='word_1_159' title='bbox 998 1462 1240 1521; x_wconf 62' lang='lat' dir='ltr'>effectus,</span> <span class='ocrx_word' id='word_1_160' title='bbox 1269 1464 1599 1520; x_wconf 87' lang='lat' dir='ltr'>confidentia</span> <span class='ocrx_word' id='word_1_161' title='bbox 1615 1466 1674 1520; x_wconf 88' lang='lat' dir='ltr'>in</span> <span class='ocrx_word' id='word_1_162' title='bbox 1687 1466 1791 1523; x_wconf 46' lang='lat' dir='ltr'>do„</span> 
     </span>
     <span class='ocr_line' id='line_1_19' title="bbox 141 1537 1790 1612; baseline -0.002 -15"><span class='ocrx_word' id='word_1_163' title='bbox 141 1541 315 1597; x_wconf 86' lang='lat' dir='ltr'>cendo</span> <span class='ocrx_word' id='word_1_164' title='bbox 331 1539 615 1612; x_wconf 85' lang='lat' dir='ltr'>Evangelio</span> <span class='ocrx_word' id='word_1_165' title='bbox 631 1572 645 1594; x_wconf 95' lang='lat'>,</span> <span class='ocrx_word' id='word_1_166' title='bbox 659 1538 863 1607; x_wconf 67' lang='lat' dir='ltr'>abjecto</span> <span class='ocrx_word' id='word_1_167' title='bbox 878 1537 1198 1592; x_wconf 80' lang='lat' dir='ltr'>omnimetu</span> <span class='ocrx_word' id='word_1_168' title='bbox 1221 1543 1274 1592; x_wconf 87' lang='lat'>&amp;</span> <span class='ocrx_word' id='word_1_169' title='bbox 1298 1555 1420 1590; x_wconf 91' lang='lat' dir='ltr'>cura</span> <span class='ocrx_word' id='word_1_170' title='bbox 1442 1555 1622 1592; x_wconf 87' lang='lat' dir='ltr'>rerum</span> <span class='ocrx_word' id='word_1_171' title='bbox 1636 1555 1790 1595; x_wconf 62' lang='lat' dir='ltr'>⁴tem--</span> 
     </span>
     <span class='ocr_line' id='line_1_20' title="bbox 139 1610 1787 1689; baseline -0.001 -19"><span class='ocrx_word' id='word_1_172' title='bbox 139 1615 418 1689; x_wconf 83' lang='lat' dir='ltr'>poralium.</span> <span class='ocrx_word' id='word_1_173' title='bbox 456 1632 507 1679; x_wconf 83' lang='lat'>4.</span> <span class='ocrx_word' id='word_1_174' title='bbox 539 1611 789 1684; x_wconf 84' lang='lat' dir='ltr'>Sequitur</span> <span class='ocrx_word' id='word_1_175' title='bbox 815 1610 967 1667; x_wconf 87' lang='lat' dir='ltr'>favor</span> <span class='ocrx_word' id='word_1_176' title='bbox 990 1611 1787 1682; x_wconf 10' lang='lat' dir='ltr'>hominum,sspromoventiun1</span> 
     </span>
     <span class='ocr_line' id='line_1_21' title="bbox 138 1684 1788 1762; baseline 0 -21"><span class='ocrx_word' id='word_1_177' title='bbox 138 1688 584 1762; x_wconf 68' lang='lat' dir='ltr'>praedicationem,</span> <span class='ocrx_word' id='word_1_178' title='bbox 599 1685 746 1742; x_wconf 83' lang='lat' dir='ltr'>fidei,</span> <span class='ocrx_word' id='word_1_179' title='bbox 769 1684 1125 1738; x_wconf 87' lang='lat' dir='ltr'>benedicente</span> <span class='ocrx_word' id='word_1_180' title='bbox 1151 1690 1292 1743; x_wconf 90' lang='lat' dir='ltr'>Deo,</span> <span class='ocrx_word' id='word_1_181' title='bbox 1310 1684 1644 1759; x_wconf 83' lang='lat' dir='ltr'>&amp;largiente</span> <span class='ocrx_word' id='word_1_182' title='bbox 1668 1687 1788 1757; x_wconf 78' lang='lat' dir='ltr'>ipsis</span> 
     </span>
     <span class='ocr_line' id='line_1_22' title="bbox 48 1758 1736 1838; baseline 0.001 -24"><span class='ocrx_word' id='word_1_183' title='bbox 48 1830 54 1831; x_wconf 12' lang='grc' dir='ltr'><strong><em>ἶ</em></strong></span> <span class='ocrx_word' id='word_1_184' title='bbox 137 1763 381 1838; x_wconf 82' lang='lat' dir='ltr'>gratiam,</span> <span class='ocrx_word' id='word_1_185' title='bbox 397 1778 578 1814; x_wconf 88' lang='lat' dir='ltr'>coram</span> <span class='ocrx_word' id='word_1_186' title='bbox 588 1758 948 1815; x_wconf 41' lang='lat' dir='ltr'>*multitudine</span> <span class='ocrx_word' id='word_1_187' title='bbox 960 1758 1339 1828; x_wconf 85' lang='lat' dir='ltr'>recipientium</span> <span class='ocrx_word' id='word_1_188' title='bbox 1351 1758 1516 1823; x_wconf 85' lang='lat' dir='ltr'>fidem</span> <span class='ocrx_word' id='word_1_189' title='bbox 1530 1760 1736 1816; x_wconf 85' lang='lat' dir='ltr'>Christi.</span> 
     </span>
    </p>

    <p class='ocr_par' dir='ltr' id='par_1_4' title="bbox 54 1828 1788 2128">
     <span class='ocr_line' id='line_1_23' title="bbox 153 1828 1785 1901; baseline 0 -16"><span class='ocrx_word' id='word_1_190' title='bbox 153 1884 156 1885; x_wconf 10' lang='grc' dir='ltr'><em>γ</em></span> <span class='ocrx_word' id='word_1_191' title='bbox 212 1843 276 1893; x_wconf 89' lang='lat' dir='ltr'>V.</span> <span class='ocrx_word' id='word_1_192' title='bbox 302 1856 378 1901; x_wconf 86' lang='lat'>34.</span> <span class='ocrx_word' id='word_1_193' title='bbox 457 1834 522 1884; x_wconf 89' lang='grc' dir='ltr'>οὐ</span> <span class='ocrx_word' id='word_1_194' title='bbox 546 1828 594 1886; x_wconf 55' lang='grc' dir='ltr'>δὲ</span> <span class='ocrx_word' id='word_1_195' title='bbox 615 1829 684 1893; x_wconf 64' lang='lat'>28.</span> <span class='ocrx_word' id='word_1_196' title='bbox 718 1849 754 1896; x_wconf 86' lang='lat'>5.</span> <span class='ocrx_word' id='word_1_197' title='bbox 795 1837 873 1885; x_wconf 82' lang='lat' dir='ltr'>Ex</span> <span class='ocrx_word' id='word_1_198' title='bbox 893 1832 1125 1883; x_wconf 84' lang='lat' dir='ltr'>caritatis</span> <span class='ocrx_word' id='word_1_199' title='bbox 1150 1832 1494 1890; x_wconf 87' lang='lat' dir='ltr'>incremento</span> <span class='ocrx_word' id='word_1_200' title='bbox 1519 1833 1691 1887; x_wconf 89' lang='lat' dir='ltr'>oritur</span> <span class='ocrx_word' id='word_1_201' title='bbox 1714 1833 1785 1890; x_wconf 84' lang='lat' dir='ltr'>fa.</span> 
     </span>
     <span class='ocr_line' id='line_1_24' title="bbox 136 1902 1788 1977; baseline -0.004 -10"><span class='ocrx_word' id='word_1_202' title='bbox 136 1928 236 1967; x_wconf 87' lang='lat' dir='ltr'>vor</span> <span class='ocrx_word' id='word_1_203' title='bbox 249 1924 487 1964; x_wconf 76' lang='lat' dir='ltr'>mutuus,</span> <span class='ocrx_word' id='word_1_204' title='bbox 499 1922 560 1959; x_wconf 92' lang='lat' dir='ltr'>ut</span> <span class='ocrx_word' id='word_1_205' title='bbox 574 1907 654 1974; x_wconf 84' lang='lat' dir='ltr'>alij</span> <span class='ocrx_word' id='word_1_206' title='bbox 671 1905 896 1960; x_wconf 85' lang='lat' dir='ltr'>aliorum</span> <span class='ocrx_word' id='word_1_207' title='bbox 913 1902 1032 1957; x_wconf 88' lang='lat' dir='ltr'>defe</span> <span class='ocrx_word' id='word_1_208' title='bbox 1039 1905 1147 1957; x_wconf 70' lang='lat' dir='ltr'>&amp;us</span> <span class='ocrx_word' id='word_1_209' title='bbox 1157 1905 1448 1977; x_wconf 85' lang='lat' dir='ltr'>suppleant,</span> <span class='ocrx_word' id='word_1_210' title='bbox 1462 1906 1788 1964; x_wconf 85' lang='lat' dir='ltr'>sublevando</span> 
     </span>
     <span class='ocr_line' id='line_1_25' title="bbox 137 1978 1782 2059; baseline -0.001 -21"><span class='ocrx_word' id='word_1_211' title='bbox 137 1984 416 2059; x_wconf 88' lang='lat' dir='ltr'>egentium</span> <span class='ocrx_word' id='word_1_212' title='bbox 440 1981 694 2050; x_wconf 82' lang='lat' dir='ltr'>inopiam.</span> <span class='ocrx_word' id='word_1_213' title='bbox 724 1999 763 2033; x_wconf 87' lang='lat'>2.</span> <span class='ocrx_word' id='word_1_214' title='bbox 798 1984 924 2033; x_wconf 55' lang='lat' dir='ltr'>Cor&#39;.</span> <span class='ocrx_word' id='word_1_215' title='bbox 952 1988 995 2035; x_wconf 83' lang='lat'>8:</span> <span class='ocrx_word' id='word_1_216' title='bbox 1013 1998 1073 2043; x_wconf 83' lang='lat'>13.</span> <span class='ocrx_word' id='word_1_217' title='bbox 1148 1981 1412 2033; x_wconf 83' lang='lat' dir='ltr'>Peculiare·</span> <span class='ocrx_word' id='word_1_218' title='bbox 1434 1978 1563 2036; x_wconf 66' lang='lat' dir='ltr'>verti</span> <span class='ocrx_word' id='word_1_219' title='bbox 1587 1996 1700 2034; x_wconf 88' lang='lat' dir='ltr'>erat</span> <span class='ocrx_word' id='word_1_220' title='bbox 1724 1984 1782 2036; x_wconf 87' lang='lat' dir='ltr'>in</span> 
     </span>
     <span class='ocr_line' id='line_1_26' title="bbox 54 2050 1779 2128; baseline 0 -19"><span class='ocrx_word' id='word_1_221' title='bbox 54 2078 57 2080; x_wconf 57' lang='grc'><strong><em>’</em></strong></span> <span class='ocrx_word' id='word_1_222' title='bbox 135 2056 410 2128; x_wconf 84' lang='lat' dir='ltr'>primitiva</span> <span class='ocrx_word' id='word_1_223' title='bbox 423 2053 659 2108; x_wconf 77' lang='lat' dir='ltr'>Ecclesia,</span> <span class='ocrx_word' id='word_1_224' title='bbox 672 2052 821 2124; x_wconf 87' lang='lat' dir='ltr'>quod</span> <span class='ocrx_word' id='word_1_225' title='bbox 834 2051 1120 2122; x_wconf 78' lang='lat' dir='ltr'>publicatis</span> <span class='ocrx_word' id='word_1_226' title='bbox 1133 2050 1492 2112; x_wconf 84' lang='lat' dir='ltr'>facultatibus,</span> <span class='ocrx_word' id='word_1_227' title='bbox 1502 2054 1585 2108; x_wconf 91' lang='lat' dir='ltr'>vel</span> <span class='ocrx_word' id='word_1_228' title='bbox 1599 2057 1779 2109; x_wconf 87' lang='lat' dir='ltr'>omni-</span> 
     </span>
    </p>

    <p class='ocr_par' dir='ltr' id='par_1_5' title="bbox 134 2124 1781 2497">
     <span class='ocr_line' id='line_1_27' title="bbox 134 2124 1781 2199; baseline -0.001 -14"><span class='ocrx_word' id='word_1_229' title='bbox 134 2133 249 2186; x_wconf 87' lang='lat' dir='ltr'>bus,</span> <span class='ocrx_word' id='word_1_230' title='bbox 263 2129 346 2184; x_wconf 89' lang='lat' dir='ltr'>vel</span> <span class='ocrx_word' id='word_1_231' title='bbox 357 2128 526 2199; x_wconf 83' lang='lat' dir='ltr'>aliqua</span> <span class='ocrx_word' id='word_1_232' title='bbox 539 2140 730 2195; x_wconf 18' lang='lat' dir='ltr'>&lt;partes3</span> <span class='ocrx_word' id='word_1_233' title='bbox 761 2126 1000 2196; x_wconf 89' lang='lat' dir='ltr'>pretium</span> <span class='ocrx_word' id='word_1_234' title='bbox 1014 2124 1069 2178; x_wconf 83' lang='lat' dir='ltr'>in</span> <span class='ocrx_word' id='word_1_235' title='bbox 1093 2144 1445 2181; x_wconf 87' lang='lat' dir='ltr'>communem</span> <span class='ocrx_word' id='word_1_236' title='bbox 1468 2126 1617 2182; x_wconf 88' lang='lat' dir='ltr'>usum</span> <span class='ocrx_word' id='word_1_237' title='bbox 1646 2147 1781 2184; x_wconf 86' lang='lat' dir='ltr'>con·</span> 
     </span>
     <span class='ocr_line' id='line_1_28' title="bbox 135 2197 1779 2272; baseline 0.001 -16"><span class='ocrx_word' id='word_1_238' title='bbox 135 2204 395 2257; x_wconf 85' lang='lat' dir='ltr'>tulerunt.</span> <span class='ocrx_word' id='word_1_239' title='bbox 472 2198 647 2251; x_wconf 82' lang='lat' dir='ltr'>Causae</span> <span class='ocrx_word' id='word_1_240' title='bbox 668 2197 900 2270; x_wconf 87' lang='lat' dir='ltr'>superius</span> <span class='ocrx_word' id='word_1_241' title='bbox 911 2198 1145 2252; x_wconf 70' lang='lat' dir='ltr'>addustae</span> <span class='ocrx_word' id='word_1_242' title='bbox 1161 2197 1517 2272; x_wconf 80' lang='lat' dir='ltr'>fuerunt,cap</span> <span class='ocrx_word' id='word_1_243' title='bbox 1534 2222 1575 2255; x_wconf 85' lang='lat' dir='ltr'>z.</span> <span class='ocrx_word' id='word_1_244' title='bbox 1653 2208 1779 2257; x_wconf 85' lang='lat' dir='ltr'>Prae-</span> 
     </span>
     <span class='ocr_line' id='line_1_29' title="bbox 138 2271 1776 2347; baseline 0.001 -19"><span class='ocrx_word' id='word_1_245' title='bbox 138 2276 287 2347; x_wconf 88' lang='lat' dir='ltr'>cipua</span> <span class='ocrx_word' id='word_1_246' title='bbox 301 2289 412 2326; x_wconf 87' lang='lat' dir='ltr'>erat</span> <span class='ocrx_word' id='word_1_247' title='bbox 424 2288 486 2325; x_wconf 91' lang='lat' dir='ltr'>ut</span> <span class='ocrx_word' id='word_1_248' title='bbox 501 2271 761 2326; x_wconf 80' lang='lat' dir='ltr'>docentes</span> <span class='ocrx_word' id='word_1_249' title='bbox 775 2271 1132 2347; x_wconf 75' lang='lat' dir='ltr'>Evangelium,</span> <span class='ocrx_word' id='word_1_250' title='bbox 1145 2271 1240 2343; x_wconf 82' lang='lat' dir='ltr'>ipfi</span> <span class='ocrx_word' id='word_1_251' title='bbox 1250 2272 1457 2345; x_wconf 88' lang='lat' dir='ltr'>inopes,</span> <span class='ocrx_word' id='word_1_252' title='bbox 1480 2277 1579 2329; x_wconf 86' lang='lat' dir='ltr'>hac</span> <span class='ocrx_word' id='word_1_253' title='bbox 1607 2278 1776 2334; x_wconf 77' lang='lat' dir='ltr'>ratio-</span> 
     </span>
     <span class='ocr_line' id='line_1_30' title="bbox 136 2345 1774 2417; baseline -0.006 -14"><span class='ocrx_word' id='word_1_254' title='bbox 136 2368 204 2403; x_wconf 87' lang='lat' dir='ltr'>ne</span> <span class='ocrx_word' id='word_1_255' title='bbox 217 2348 623 2401; x_wconf 84' lang='lat' dir='ltr'>sustentarentur</span> <span class='ocrx_word' id='word_1_256' title='bbox 638 2381 652 2403; x_wconf 93' lang='lat'>,</span> <span class='ocrx_word' id='word_1_257' title='bbox 667 2363 918 2417; x_wconf 87' lang='lat' dir='ltr'>pauperes</span> <span class='ocrx_word' id='word_1_258' title='bbox 933 2345 1216 2404; x_wconf 85' lang='lat' dir='ltr'>alerentur,</span> <span class='ocrx_word' id='word_1_259' title='bbox 1229 2364 1289 2401; x_wconf 92' lang='lat' dir='ltr'>ut</span> <span class='ocrx_word' id='word_1_260' title='bbox 1303 2365 1547 2404; x_wconf 85' lang='lat' dir='ltr'>vacarent</span> <span class='ocrx_word' id='word_1_261' title='bbox 1572 2354 1774 2405; x_wconf 83' lang='lat' dir='ltr'>exerci..</span> 
     </span>
     <span class='ocr_line' id='line_1_31' title="bbox 136 2419 1772 2497; baseline 0.001 -21"><span class='ocrx_word' id='word_1_262' title='bbox 136 2421 360 2493; x_wconf 61' lang='lat' dir='ltr'>tiis-fidei</span> <span class='ocrx_word' id='word_1_263' title='bbox 373 2419 700 2477; x_wconf 82' lang='lat' dir='ltr'>Christianae:</span> <span class='ocrx_word' id='word_1_264' title='bbox 741 2420 823 2474; x_wconf 87' lang='lat' dir='ltr'>Sic</span> <span class='ocrx_word' id='word_1_265' title='bbox 836 2419 903 2475; x_wconf 85' lang='lat' dir='ltr'>ad</span> <span class='ocrx_word' id='word_1_266' title='bbox 917 2421 1346 2492; x_wconf 86' lang='lat' dir='ltr'>promovendam</span> <span class='ocrx_word' id='word_1_267' title='bbox 1362 2424 1622 2497; x_wconf 84' lang='lat' dir='ltr'>Evangelij</span> <span class='ocrx_word' id='word_1_268' title='bbox 1648 2443 1772 2495; x_wconf 68' lang='lat' dir='ltr'>prae·-</span> 
     </span>
    </p>

    <p class='ocr_par' dir='ltr' id='par_1_6' title="bbox 974 2496 1776 2564">
     <span class='ocr_line' id='line_1_32' title="bbox 974 2496 1776 2564; baseline 0.001 -12"><span class='ocrx_word' id='word_1_269' title='bbox 974 2496 1013 2544; x_wconf 85' lang='lat' dir='ltr'>Y</span> <span class='ocrx_word' id='word_1_270' title='bbox 1037 2514 1071 2564; x_wconf 86' lang='lat' dir='ltr'>y</span> <span class='ocrx_word' id='word_1_271' title='bbox 1147 2513 1169 2559; x_wconf 82' lang='lat'>3</span> <span class='ocrx_word' id='word_1_272' title='bbox 1639 2497 1776 2553; x_wconf 78' lang='lat' dir='ltr'>dica—-</span> 
     </span>
    </p>
   </div>
  </div>
 </body>
</html>
