2008 2911
480 158 533 220 c
627 159 686 222 A
779 129 840 221 Ρ.
1023 158 1259 224 xxu.
1626 162 1750 259 533,

15 322 18 324 v
56 283 199 334 ‘hanc
217 279 870 336 aemulationemChristus
885 278 1141 353 salvator,
1161 283 1515 353 similitudine
1543 295 1742 362 opera-5

65 356 276 411 riorum
290 356 346 407 in
358 355 529 414 vinea,
547 361 703 410 Matt.
721 375 801 412 zo.
842 361 910 411 Et
930 358 1291 433 agricolarum
1318 361 1526 418 ibidem
1542 382 1654 438 cap.
1670 387 1740 424 21:

61 434 124 498 33.
154 429 402 503 praedixit
417 430 606 485 Moses.
635 436 800 484 Deut.
820 451 885 499 32:
901 452 968 486 21.
986 432 1163 490 David
1179 435 1254 489 Ps.
1280 447 1372 495 118:
1390 438 1495 492 Esa.
1513 451 1585 498 28.
1630 446 1734 498 Ex·-

55 506 220 578 plicat
233 503 346 558 haec
363 505 573 576 prolixe
589 506 880 577 Apostolus
895 511 1057 562 Rom.
1076 532 1120 574 9.
1144 529 1219 565 10.
1236 503 1293 566 ’δε
1309 532 1371 566 11.

30 591 32 593 ·
136 587 201 638 V.
232 589 297 638 18.
382 583 520 652 Itaq3
551 580 800 634 mittitur
828 596 981 635 extra
1006 584 1394 657 lerosolymam
1419 592 1472 643 &
1500 588 1737 649 Iudaeam

61 654 378 729 Apostolus,
394 669 456 708 ut
481 655 741 726 praedicet
764 656 1054 730 gentibus:
1091 663 1145 714 ὅ(
1168 659 1528 718 insinuatione
1555 666 1735 731 osten·-

31 742 36 748 “
59 732 143 787 dit
156 731 204 788 se
218 748 333 785 non
347 728 433 782 sua
447 729 715 784 sententia
728 733 820 784 aut
836 733 1179 811 beneplacito
1196 736 1263 790 ad
1281 754 1475 811 gentes
1503 741 1732 812 tranlijs-

33 806 125 878 se,
141 805 232 860 sed
245 806 467 876 jubente
483 809 604 860 Deo
622 827 635 868 ς
654 824 722 859 ne
750 807 799 860 ei
815 808 890 861 ob
914 808 1055 861 hanc
1071 827 1188 864 rem
1205 811 1366 865 nimis
1382 812 1728 872 succenseant

3 892 11 895 ’
48 881 240 936 Iudaei.
292 899 299 909 ¹
315 886 448 934 Non
463 881 744 952 recipient,
760 881 955 954 inquit,
972 884 1348 944 testimonium
1363 887 1521 944 tuum
1539 889 1606 943 de
1621 910 1727 947 mc.

56 962 177 1011 Con
181 970 384 1029 gruunt
399 957 508 1009 haec
526 957 687 1011 verba
701 957 939 1010 cumillis
956 957 1193 1013 Danielis
1226 979 1340 1033 cap.
1358 983 1409 1027 9:
1422 974 1497 1017 26.
1576 968 1727 1020 Con-

49 1047 138 1086 tra
151 1046 305 1102 putat
320 1031 501 1083 Paulus
517 1049 610 1085 eos
623 1018 941 1104 recepturos
959 1034 1337 1090 testimonium
1354 1038 1525 1097 suum,
1540 1041 1726 1110 potius

56 1125 219 1182 quam
233 1106 383 1159 ullius
397 1106 627 1161 alterius,
645 1125 806 1178 quem
823 1124 1098 1162 noverunt
1114 1127 1272 1164 antea
1287 1128 1445 1180 tanto
1462 1132 1583 1168 cum
1602 1116 1724 1174 zelo

43 1182 431 1256 persequutum
445 1178 594 1234 fuiffe
611 1182 893 1235 Ecclesiam
918 1183 1112 1238 Christi
1131 1206 1144 1247 3
1163 1191 1216 1240 ὅ(
1229 1189 1287 1241 in
1301 1205 1492 1243 necem
1508 1190 1723 1262 Stepha-

53 1259 112 1312 ni
126 1254 437 1316 consensum
455 1256 747 1327 praebuiss'c:
764 1276 865 1310 nec
882 1257 988 1311 sine
1004 1261 1150 1312 causa
1164 1265 1216 1315 ὃς
1229 1279 1560 1337 argumento
1573 1267 1722 1339 gravi

48 1330 374 1397 sententiam
392 1331 630 1385 mutasse.
711 1338 880 1406 Urget
904 1334 1041 1389 vero
1060 1336 1323 1392 Divinum
1350 1339 1650 1400 oraculum,
1666 1343 1722 1398 6<

51 1409 270 1464 Paulum
284 1405 352 1459 ad
364 1421 555 1479 gentes
569 1406 774 1460 mittit:
792 1408 868 1460 sat
884 1409 1091 1479 constat
1108 1410 1237 1485 itadp
1255 1413 1445 1485 ipsum,
1460 1415 1575 1469 non
1588 1433 1720 1487 pro-

50 1483 171 1558 prio
187 1481 306 1535 ausu
321 1517 333 1539 ‚
360 1481 449 1534 sed
474 1481 726 1536 mandate
755 1488 876 1538 Deo
910 1486 1196 1560 praedicare
1224 1489 1515 1547 Christum,
1531 1495 1584 1546 δε
1599 1492 1717 1565 qui-

50 1561 177 1616 dem
190 1558 461 1633 gentibus,
481 1570 488 1573 ’

121 1641 185 1691 V.
204 1652 272 1687 22.
351 1626 535 1687 εἴκουσι,
555 1634 600 1685 (Ι
615 1636 653 1686 Ι.
694 1638 813 1687 Pars
828 1634 883 1687 in
899 1653 1164 1708 quanovo
1178 1639 1440 1699 tumultu,
1458 1642 1641 1695 Paulus
1655 1643 1712 1698 in

23 1709 304 1765 vulteriora
323 1709 554 1779 pericula
579 1705 860 1779 abripitur,
887 1715 940 1764 &
967 1712 1192 1766 tandem
1218 1716 1436 1768 Senatui
1451 1717 1717 1790 lerosoly-

6 1804 8 1806 ’
46 1787 258 1840 mitano
273 1784 479 1837 sistitur;
557 1784 755 1836 Omnia
780 1784 873 1838 hic
893 1785 980 1851 ixrae
1005 1790 1058 1840 ὃ(
1083 1786 1281 1841 furoris
1307 1789 1504 1845 indicia
1521 1793 1711 1862 prodit

49 1860 321 1917 concitata
337 1858 656 1915 multitudo,
671 1860 845 1913 verbis
871 1864 925 1922 ὅς
948 1860 1139 1915 affeetu
1166 1863 1471 1924 ostendens,
1495 1883 1612 1920 rem
1626 1868 1713 1923 in-

3 1969 15 1977 κ
47 1936 269 2010 dignam
283 1933 456 1998 facere
471 1933 793 1991 Tribunum,
810 1933 846 1987 fi
859 1935 991 1988 libat
1010 1938 1155 1990 hunc
1179 1939 1483 1995 maleficum
1509 1941 1705 1997 vivere.

44 2013 129 2066 Sic
143 2008 382 2062 fascinati
400 2023 603 2066 mente,
618 2027 690 2061 ne⁴
703 2007 921 2064 Divinas
936 2010 1159 2084 quidem
1172 2014 1538 2086 apparitiones
1564 2019 1701 2071 reci«

49 2087 227 2158 pium,
241 2102 342 2137 nec
357 2101 424 2136 an
437 2101 559 2138 vera
575 2083 716 2138 dicat
732 2085 1136 2157 inquirunt‚nec
1149 2089 1388 2144 rationes
1399 2090 1710 2162 proferunt,

43 2159 135 2214 sed
146 2157 214 2212 ad
227 2163 419 2217 necem
445 2157 705 2212 damnant
724 2159 1027 2222 hominem,
1055 2162 1194 2236 quasi
1213 2163 1276 2223 in
1299 2164 1586 2220 manifesto
1611 2167 1706 2221 fla·-

44 2235 186 2311 gitio
203 2232 608 2303 deprehensum,
633 2232 819 2308 ideoq;
836 2236 1086 2290 omnium
1104 2237 1372 2292 sententia
1383 2240 1584 2295 mortis
1595 2240 1707 2316 sup-

41 2309 205 2383 plicio
224 2306 502 2381 dignum„
1228 2319 1233 2321 “

116 2390 180 2441 V.
206 2401 281 2449 24.
361 2378 606 2437 εκὲλευων.
651 2383 744 2437 His
762 2384 927 2437 tantis
941 2384 1265 2442 clamoribus
1280 2387 1550 2444 Tribunus
1568 2390 1703 2446 abri-

43 2456 291 2533 pit‘unad
303 2456 570 2513 astionem
587 2456 849 2533 iniquam3
865 2460 955 2531 qui
968 2460 1143 2537 flagris
1156 2467 1208 2524 &
1223 2463 1511 2539 questione
1525 2465 1583 2520 in
1599 2482 1705 2595 nitia-

877 2538 920 2587 Y
932 2556 964 2605 y
977 2558 1009 2608 y
1578 2541 1627 2596 le
1673 2571 1699 2615 τ
