<?xml version="1.0" encoding="UTF-8"?>
<!DOCTYPE html PUBLIC "-//W3C//DTD XHTML 1.0 Transitional//EN"
    "http://www.w3.org/TR/xhtml1/DTD/xhtml1-transitional.dtd">
<html xmlns="http://www.w3.org/1999/xhtml" xml:lang="en" lang="en">
 <head>
  <title>
</title>
<meta http-equiv="Content-Type" content="text/html;charset=utf-8" />
  <meta name='ocr-system' content='tesseract 3.04.00' />
  <meta name='ocr-capabilities' content='ocr_page ocr_carea ocr_par ocr_line ocrx_word'/>
</head>
<body>
  <div class='ocr_page' id='page_1' title='image "./inevangeliumjoha00len_0444.png"; bbox 0 0 2008 2911; ppageno 0'>
   <div class='ocr_carea' id='block_1_1' title="bbox 201 150 1257 249">
    <p class='ocr_par' dir='ltr' id='par_1_1' title="bbox 201 150 1257 249">
     <span class='ocr_line' id='line_1_1' title="bbox 201 150 1257 249; baseline -0.004 -30"><span class='ocrx_word' id='word_1_1' title='bbox 201 185 321 249; x_wconf 78' lang='lat'>430</span> <span class='ocrx_word' id='word_1_2' title='bbox 826 150 985 217; x_wconf 68' lang='lat' dir='ltr'>Asta</span> <span class='ocrx_word' id='word_1_3' title='bbox 1015 150 1257 242; x_wconf 76' lang='lat' dir='ltr'>Apost.&#39;</span> 
     </span>
    </p>
   </div>
   <div class='ocr_carea' id='block_1_2' title="bbox 129 267 1912 2422">
    <p class='ocr_par' dir='ltr' id='par_1_2' title="bbox 206 267 1912 647">
     <span class='ocr_line' id='line_1_2' title="bbox 206 267 1912 347; baseline -0.003 -7"><span class='ocrx_word' id='word_1_4' title='bbox 206 285 287 340; x_wconf 84' lang='lat' dir='ltr'>nis</span> <span class='ocrx_word' id='word_1_5' title='bbox 304 276 447 334; x_wconf 87' lang='lat' dir='ltr'>Petri</span> <span class='ocrx_word' id='word_1_6' title='bbox 478 278 564 347; x_wconf 84' lang='lat' dir='ltr'>Sp.</span> <span class='ocrx_word' id='word_1_7' title='bbox 605 272 800 331; x_wconf 62' lang='lat' dir='ltr'>sandius</span> <span class='ocrx_word' id='word_1_8' title='bbox 828 269 1051 326; x_wconf 86' lang='lat' dir='ltr'>describi</span> <span class='ocrx_word' id='word_1_9' title='bbox 1065 271 1262 326; x_wconf 89' lang='lat' dir='ltr'>voluit:</span> <span class='ocrx_word' id='word_1_10' title='bbox 1300 270 1391 327; x_wconf 87' lang='lat' dir='ltr'>sed</span> <span class='ocrx_word' id='word_1_11' title='bbox 1420 267 1861 334; x_wconf 83' lang='lat' dir='ltr'>utconsideratis</span> <span class='ocrx_word' id='word_1_12' title='bbox 1910 321 1912 325; x_wconf 84' lang='lat'><em>-</em></span> 
     </span>
     <span class='ocr_line' id='line_1_3' title="bbox 210 345 1862 418; baseline -0.006 -6"><span class='ocrx_word' id='word_1_13' title='bbox 210 349 614 417; x_wconf 86' lang='lat' dir='ltr'>circumstantijs</span> <span class='ocrx_word' id='word_1_14' title='bbox 629 347 903 403; x_wconf 86' lang='lat' dir='ltr'>omnibus,</span> <span class='ocrx_word' id='word_1_15' title='bbox 921 360 1168 417; x_wconf 86' lang='lat' dir='ltr'>appareat</span> <span class='ocrx_word' id='word_1_16' title='bbox 1184 345 1483 400; x_wconf 70' lang='lat' dir='ltr'>doCtrinam</span> <span class='ocrx_word' id='word_1_17' title='bbox 1501 350 1862 418; x_wconf 88' lang='lat' dir='ltr'>Apostolicam</span> 
     </span>
     <span class='ocr_line' id='line_1_4' title="bbox 206 420 1862 498; baseline -0.005 -13"><span class='ocrx_word' id='word_1_18' title='bbox 206 431 486 486; x_wconf 88' lang='lat' dir='ltr'>salutarem</span> <span class='ocrx_word' id='word_1_19' title='bbox 516 423 684 476; x_wconf 78' lang='lat' dir='ltr'>ess‘e&amp;</span> <span class='ocrx_word' id='word_1_20' title='bbox 707 420 830 475; x_wconf 70' lang='lat' dir='ltr'>vere</span> <span class='ocrx_word' id='word_1_21' title='bbox 857 420 1108 494; x_wconf 77' lang='lat' dir='ltr'>Divinam</span> <span class='ocrx_word' id='word_1_22' title='bbox 1125 452 1137 475; x_wconf 84' lang='lat'>‚</span> <span class='ocrx_word' id='word_1_23' title='bbox 1168 437 1283 490; x_wconf 83' lang='lat' dir='ltr'>quae</span> <span class='ocrx_word' id='word_1_24' title='bbox 1310 420 1512 488; x_wconf 88' lang='lat' dir='ltr'>Divino</span> <span class='ocrx_word' id='word_1_25' title='bbox 1538 422 1787 498; x_wconf 86' lang='lat' dir='ltr'>suffragio</span> <span class='ocrx_word' id='word_1_26' title='bbox 1810 432 1862 482; x_wconf 74' lang='grc' dir='ltr'>ὅ(</span> 
     </span>
     <span class='ocr_line' id='line_1_5' title="bbox 206 491 1859 558; baseline -0.002 -6"><span class='ocrx_word' id='word_1_27' title='bbox 206 521 323 558; x_wconf 80' lang='lat' dir='ltr'>tam</span> <span class='ocrx_word' id='word_1_28' title='bbox 358 496 638 552; x_wconf 79' lang='lat' dir='ltr'>illustribus</span> <span class='ocrx_word' id='word_1_29' title='bbox 673 493 937 547; x_wconf 86' lang='lat' dir='ltr'>miraculis</span> <span class='ocrx_word' id='word_1_30' title='bbox 963 527 978 550; x_wconf 84' lang='lat'>‚</span> <span class='ocrx_word' id='word_1_31' title='bbox 1016 492 1258 546; x_wconf 83' lang='lat' dir='ltr'>fidelibus</span> <span class='ocrx_word' id='word_1_32' title='bbox 1295 491 1531 549; x_wconf 80' lang='lat' dir='ltr'>simulac</span> <span class='ocrx_word' id='word_1_33' title='bbox 1559 497 1859 554; x_wconf 86' lang='lat' dir='ltr'>infidelibus</span> 
     </span>
     <span class='ocr_line' id='line_1_6' title="bbox 212 573 649 647; baseline -0.025 -13"><span class='ocrx_word' id='word_1_34' title='bbox 212 573 649 647; x_wconf 62' lang='lat' dir='ltr'>comprobatae„</span> 
     </span>
    </p>

    <p class='ocr_par' dir='ltr' id='par_1_3' title="bbox 205 638 1858 1083">
     <span class='ocr_line' id='line_1_7' title="bbox 283 638 1858 718; baseline -0.001 -16"><span class='ocrx_word' id='word_1_35' title='bbox 283 655 347 706; x_wconf 91' lang='lat' dir='ltr'>V.</span> <span class='ocrx_word' id='word_1_36' title='bbox 391 665 452 700; x_wconf 87' lang='lat'>11.</span> <span class='ocrx_word' id='word_1_37' title='bbox 532 645 614 707; x_wconf 59' lang='lat' dir='ltr'>x«)</span> <span class='ocrx_word' id='word_1_38' title='bbox 637 641 658 696; x_wconf 80' lang='grc' dir='ltr'><strong>ὅ</strong></span> <span class='ocrx_word' id='word_1_39' title='bbox 688 638 885 718; x_wconf 51' lang='grc' dir='ltr'><em>Πέτςῷυ.</em></span> <span class='ocrx_word' id='word_1_40' title='bbox 916 643 1033 694; x_wconf 90' lang='grc' dir='ltr'><strong>ΙΙΙ.</strong></span> <span class='ocrx_word' id='word_1_41' title='bbox 1061 645 1178 694; x_wconf 86' lang='lat' dir='ltr'>Pars</span> <span class='ocrx_word' id='word_1_42' title='bbox 1207 640 1394 711; x_wconf 85' lang='lat' dir='ltr'>capitis</span> <span class='ocrx_word' id='word_1_43' title='bbox 1418 643 1483 695; x_wconf 91' lang='lat' dir='ltr'>de</span> <span class='ocrx_word' id='word_1_44' title='bbox 1510 643 1729 716; x_wconf 87' lang='lat' dir='ltr'>gestis&amp;</span> <span class='ocrx_word' id='word_1_45' title='bbox 1753 647 1858 701; x_wconf 88' lang='lat' dir='ltr'>ser-</span> 
     </span>
     <span class='ocr_line' id='line_1_8' title="bbox 211 715 1856 791; baseline -0.001 -15"><span class='ocrx_word' id='word_1_46' title='bbox 211 742 379 781; x_wconf 86' lang='lat' dir='ltr'>mone</span> <span class='ocrx_word' id='word_1_47' title='bbox 397 719 642 791; x_wconf 88' lang='lat' dir='ltr'>Apostoli</span> <span class='ocrx_word' id='word_1_48' title='bbox 658 716 773 787; x_wconf 87' lang='lat' dir='ltr'>post</span> <span class='ocrx_word' id='word_1_49' title='bbox 786 715 1178 769; x_wconf 82' lang='lat' dir='ltr'>liberationem.</span> <span class='ocrx_word' id='word_1_50' title='bbox 1257 719 1441 767; x_wconf 88' lang='lat' dir='ltr'>Petrus</span> <span class='ocrx_word' id='word_1_51' title='bbox 1455 722 1556 780; x_wconf 85' lang='lat' dir='ltr'>jam</span> <span class='ocrx_word' id='word_1_52' title='bbox 1571 717 1708 772; x_wconf 86' lang='lat' dir='ltr'>solus</span> <span class='ocrx_word' id='word_1_53' title='bbox 1722 739 1780 774; x_wconf 87' lang='lat' dir='ltr'>ac</span> <span class='ocrx_word' id='word_1_54' title='bbox 1794 722 1856 774; x_wconf 90' lang='lat' dir='ltr'>li-</span> 
     </span>
     <span class='ocr_line' id='line_1_9' title="bbox 211 789 1856 863; baseline -0.007 -13"><span class='ocrx_word' id='word_1_55' title='bbox 211 803 308 859; x_wconf 78' lang='lat' dir='ltr'>ber</span> <span class='ocrx_word' id='word_1_56' title='bbox 323 796 502 852; x_wconf 68' lang='lat' dir='ltr'>fastus‚</span> <span class='ocrx_word' id='word_1_57' title='bbox 516 793 694 845; x_wconf 87' lang='lat' dir='ltr'>secum</span> <span class='ocrx_word' id='word_1_58' title='bbox 708 790 937 863; x_wconf 81' lang='lat' dir='ltr'>cogitat,</span> <span class='ocrx_word' id='word_1_59' title='bbox 953 802 1197 844; x_wconf 76' lang='lat' dir='ltr'>mentem</span> <span class='ocrx_word' id='word_1_60' title='bbox 1224 789 1491 861; x_wconf 77' lang='lat' dir='ltr'>recolligit</span> <span class='ocrx_word' id='word_1_61' title='bbox 1506 825 1519 847; x_wconf 90' lang='lat'>‚</span> <span class='ocrx_word' id='word_1_62' title='bbox 1539 809 1660 846; x_wconf 88' lang='lat' dir='ltr'>eum</span> <span class='ocrx_word' id='word_1_63' title='bbox 1688 794 1856 848; x_wconf 80' lang='lat' dir='ltr'>admi-</span> 
     </span>
     <span class='ocr_line' id='line_1_10' title="bbox 209 861 1855 940; baseline -0.007 -13"><span class='ocrx_word' id='word_1_64' title='bbox 209 874 424 926; x_wconf 89' lang='lat' dir='ltr'>ratione</span> <span class='ocrx_word' id='word_1_65' title='bbox 457 867 664 940; x_wconf 82' lang='lat' dir='ltr'>cogitat</span> <span class='ocrx_word' id='word_1_66' title='bbox 681 863 757 924; x_wconf 66' lang='lat' dir='ltr'>‚de</span> <span class='ocrx_word' id='word_1_67' title='bbox 785 861 1099 924; x_wconf 56' lang='lat' dir='ltr'>⁴miraculosa</span> <span class='ocrx_word' id='word_1_68' title='bbox 1123 861 1446 919; x_wconf 81' lang='lat' dir='ltr'>liberatione</span> <span class='ocrx_word' id='word_1_69' title='bbox 1464 898 1478 920; x_wconf 87' lang='lat'>‚</span> <span class='ocrx_word' id='word_1_70' title='bbox 1509 863 1600 917; x_wconf 89' lang='lat' dir='ltr'>dat</span> <span class='ocrx_word' id='word_1_71' title='bbox 1628 867 1855 938; x_wconf 84' lang='lat' dir='ltr'>gloriam</span> 
     </span>
     <span class='ocr_line' id='line_1_11' title="bbox 210 935 1856 1016; baseline 0.001 -22"><span class='ocrx_word' id='word_1_72' title='bbox 210 953 360 1003; x_wconf 84' lang='lat' dir='ltr'>Deo,</span> <span class='ocrx_word' id='word_1_73' title='bbox 377 947 519 1012; x_wconf 85' lang='lat' dir='ltr'>cujus</span> <span class='ocrx_word' id='word_1_74' title='bbox 544 937 793 1010; x_wconf 84' lang='lat' dir='ltr'>potentia</span> <span class='ocrx_word' id='word_1_75' title='bbox 823 935 1029 1008; x_wconf 81' lang='lat' dir='ltr'>superat</span> <span class='ocrx_word' id='word_1_76' title='bbox 1053 955 1280 996; x_wconf 83' lang='lat' dir='ltr'>omnem</span> <span class='ocrx_word' id='word_1_77' title='bbox 1307 937 1614 1007; x_wconf 86' lang='lat' dir='ltr'>potentiam</span> <span class='ocrx_word' id='word_1_78' title='bbox 1647 945 1856 1016; x_wconf 85' lang='lat' dir='ltr'>Regum</span> 
     </span>
     <span class='ocr_line' id='line_1_12' title="bbox 205 1008 1460 1083; baseline -0.003 -16"><span class='ocrx_word' id='word_1_79' title='bbox 205 1018 402 1077; x_wconf 80' lang='lat' dir='ltr'>mundi</span> <span class='ocrx_word' id='word_1_80' title='bbox 417 1051 430 1078; x_wconf 80' lang='lat'>‚</span> <span class='ocrx_word' id='word_1_81' title='bbox 444 1014 586 1074; x_wconf 85' lang='lat' dir='ltr'>unde</span> <span class='ocrx_word' id='word_1_82' title='bbox 602 1018 654 1070; x_wconf 65' lang='grc' dir='ltr'>ὃς</span> <span class='ocrx_word' id='word_1_83' title='bbox 671 1013 776 1063; x_wconf 79' lang='lat' dir='ltr'>Rex</span> <span class='ocrx_word' id='word_1_84' title='bbox 794 1013 977 1083; x_wconf 68' lang='lat' dir='ltr'>Regum</span> <span class='ocrx_word' id='word_1_85' title='bbox 994 1008 1190 1067; x_wconf 85' lang='lat' dir='ltr'>dicitur</span> <span class='ocrx_word' id='word_1_86' title='bbox 1205 1030 1239 1062; x_wconf 69' lang='grc' dir='ltr'>ι.</span> <span class='ocrx_word' id='word_1_87' title='bbox 1255 1009 1399 1063; x_wconf 86' lang='lat' dir='ltr'>Tim.</span> <span class='ocrx_word' id='word_1_88' title='bbox 1418 1020 1460 1063; x_wconf 87' lang='lat'>6.</span> 
     </span>
    </p>

    <p class='ocr_par' dir='ltr' id='par_1_4' title="bbox 208 1080 1863 1762">
     <span class='ocr_line' id='line_1_13' title="bbox 286 1080 1863 1155; baseline -0.004 -16"><span class='ocrx_word' id='word_1_89' title='bbox 286 1101 350 1151; x_wconf 78' lang='lat' dir='ltr'>V,</span> <span class='ocrx_word' id='word_1_90' title='bbox 380 1111 443 1145; x_wconf 82' lang='lat'>12,</span> <span class='ocrx_word' id='word_1_91' title='bbox 524 1080 703 1149; x_wconf 67' lang='grc' dir='ltr'><em>Συγιὸὢν</em></span> <span class='ocrx_word' id='word_1_92' title='bbox 731 1108 784 1146; x_wconf 74' lang='grc' dir='ltr'>τε,</span> <span class='ocrx_word' id='word_1_93' title='bbox 823 1085 1042 1143; x_wconf 84' lang='lat' dir='ltr'>Mariam</span> <span class='ocrx_word' id='word_1_94' title='bbox 1056 1085 1190 1136; x_wconf 82' lang='lat' dir='ltr'>hanc</span> <span class='ocrx_word' id='word_1_95' title='bbox 1205 1084 1344 1155; x_wconf 90' lang='lat' dir='ltr'>piam</span> <span class='ocrx_word' id='word_1_96' title='bbox 1366 1103 1431 1138; x_wconf 81' lang='lat' dir='ltr'>ac</span> <span class='ocrx_word' id='word_1_97' title='bbox 1459 1086 1581 1140; x_wconf 67' lang='lat' dir='ltr'>vere*</span> <span class='ocrx_word' id='word_1_98' title='bbox 1605 1080 1863 1143; x_wconf 58' lang='lat' dir='ltr'>Christiag</span> 
     </span>
     <span class='ocr_line' id='line_1_14' title="bbox 211 1159 1853 1234; baseline -0.005 -9"><span class='ocrx_word' id='word_1_99' title='bbox 211 1188 334 1225; x_wconf 88' lang='lat' dir='ltr'>nam</span> <span class='ocrx_word' id='word_1_100' title='bbox 351 1166 528 1221; x_wconf 74' lang='lat' dir='ltr'>fuisse,</span> <span class='ocrx_word' id='word_1_101' title='bbox 553 1162 680 1214; x_wconf 85' lang='lat' dir='ltr'>inde</span> <span class='ocrx_word' id='word_1_102' title='bbox 710 1175 855 1230; x_wconf 86' lang='lat' dir='ltr'>patet</span> <span class='ocrx_word' id='word_1_103' title='bbox 871 1196 884 1216; x_wconf 87' lang='lat'>‚</span> <span class='ocrx_word' id='word_1_104' title='bbox 906 1159 1059 1234; x_wconf 85' lang='lat' dir='ltr'>quod</span> <span class='ocrx_word' id='word_1_105' title='bbox 1078 1159 1134 1213; x_wconf 84' lang='lat' dir='ltr'>iu</span> <span class='ocrx_word' id='word_1_106' title='bbox 1150 1173 1307 1211; x_wconf 85' lang='lat' dir='ltr'>tanto</span> <span class='ocrx_word' id='word_1_107' title='bbox 1336 1159 1577 1229; x_wconf 87' lang='lat' dir='ltr'>periculo</span> <span class='ocrx_word' id='word_1_108' title='bbox 1595 1165 1647 1215; x_wconf 87' lang='lat'>&amp;</span> <span class='ocrx_word' id='word_1_109' title='bbox 1671 1161 1853 1218; x_wconf 88' lang='lat' dir='ltr'>furore</span> 
     </span>
     <span class='ocr_line' id='line_1_15' title="bbox 214 1233 1853 1306; baseline -0.004 -11"><span class='ocrx_word' id='word_1_110' title='bbox 214 1241 464 1299; x_wconf 83' lang='lat' dir='ltr'>Herodis,</span> <span class='ocrx_word' id='word_1_111' title='bbox 479 1236 639 1290; x_wconf 84' lang='lat' dir='ltr'>audet</span> <span class='ocrx_word' id='word_1_112' title='bbox 660 1235 955 1305; x_wconf 83' lang='lat' dir='ltr'>hospitium</span> <span class='ocrx_word' id='word_1_113' title='bbox 976 1234 1206 1306; x_wconf 60' lang='lat' dir='ltr'>praebere</span> <span class='ocrx_word' id='word_1_114' title='bbox 1222 1233 1515 1291; x_wconf 81' lang='lat' dir='ltr'>conventui</span> <span class='ocrx_word' id='word_1_115' title='bbox 1529 1235 1853 1291; x_wconf 88' lang='lat' dir='ltr'>Christiano-</span> 
     </span>
     <span class='ocr_line' id='line_1_16' title="bbox 209 1307 1850 1389; baseline -0.001 -24"><span class='ocrx_word' id='word_1_116' title='bbox 209 1338 348 1373; x_wconf 73' lang='lat' dir='ltr'>rum,</span> <span class='ocrx_word' id='word_1_117' title='bbox 365 1314 455 1389; x_wconf 86' lang='lat' dir='ltr'>qui</span> <span class='ocrx_word' id='word_1_118' title='bbox 470 1313 737 1371; x_wconf 60' lang='lat' dir='ltr'>noelurno</span> <span class='ocrx_word' id='word_1_119' title='bbox 764 1326 1014 1377; x_wconf 83' lang='lat' dir='ltr'>tempore</span> <span class='ocrx_word' id='word_1_120' title='bbox 1045 1322 1246 1361; x_wconf 84' lang='lat' dir='ltr'>coeunt</span> <span class='ocrx_word' id='word_1_121' title='bbox 1271 1307 1336 1360; x_wconf 84' lang='lat' dir='ltr'>ad</span> <span class='ocrx_word' id='word_1_122' title='bbox 1360 1323 1560 1377; x_wconf 81' lang='lat' dir='ltr'>preces,</span> <span class='ocrx_word' id='word_1_123' title='bbox 1577 1327 1643 1360; x_wconf 89' lang='lat' dir='ltr'>ne</span> <span class='ocrx_word' id='word_1_124' title='bbox 1657 1309 1850 1364; x_wconf 87' lang='lat' dir='ltr'>sentiat</span> 
     </span>
     <span class='ocr_line' id='line_1_17' title="bbox 210 1381 1852 1466; baseline -0.009 -21"><span class='ocrx_word' id='word_1_125' title='bbox 210 1405 478 1466; x_wconf 81' lang='lat' dir='ltr'>tyrannus,</span> <span class='ocrx_word' id='word_1_126' title='bbox 495 1385 657 1439; x_wconf 85' lang='lat' dir='ltr'>Maria</span> <span class='ocrx_word' id='word_1_127' title='bbox 671 1399 842 1436; x_wconf 87' lang='lat' dir='ltr'>mater</span> <span class='ocrx_word' id='word_1_128' title='bbox 855 1381 1018 1439; x_wconf 82' lang='lat' dir='ltr'>Marci</span> <span class='ocrx_word' id='word_1_129' title='bbox 1036 1381 1166 1436; x_wconf 86' lang='lat' dir='ltr'>dicit</span> <span class='ocrx_word' id='word_1_130' title='bbox 1176 1382 1362 1438; x_wconf 51' lang='lat' dir='ltr'>urdine</span> <span class='ocrx_word' id='word_1_131' title='bbox 1379 1381 1545 1442; x_wconf 77' lang='lat' dir='ltr'>dubio</span> <span class='ocrx_word' id='word_1_132' title='bbox 1559 1387 1852 1456; x_wconf 76' lang='lat' dir='ltr'>ejus‚quem</span> 
     </span>
     <span class='ocr_line' id='line_1_18' title="bbox 211 1454 1846 1524; baseline -0.005 -3"><span class='ocrx_word' id='word_1_133' title='bbox 211 1468 390 1521; x_wconf 86' lang='lat' dir='ltr'>secum</span> <span class='ocrx_word' id='word_1_134' title='bbox 404 1464 657 1519; x_wconf 74' lang='lat' dir='ltr'>assumere</span> <span class='ocrx_word' id='word_1_135' title='bbox 676 1458 889 1518; x_wconf 81' lang='lat' dir='ltr'>volebat</span> <span class='ocrx_word' id='word_1_136' title='bbox 910 1457 1187 1519; x_wconf 79' lang='lat' dir='ltr'>Barnabas,</span> <span class='ocrx_word' id='word_1_137' title='bbox 1211 1454 1406 1514; x_wconf 75' lang='lat' dir='ltr'>infrac.</span> <span class='ocrx_word' id='word_1_138' title='bbox 1426 1473 1488 1521; x_wconf 84' lang='lat'>15:</span> <span class='ocrx_word' id='word_1_139' title='bbox 1507 1477 1579 1522; x_wconf 81' lang='lat'>37,</span> <span class='ocrx_word' id='word_1_140' title='bbox 1597 1457 1846 1524; x_wconf 86' lang='lat' dir='ltr'>Col.4:10.</span> 
     </span>
     <span class='ocr_line' id='line_1_19' title="bbox 215 1530 1849 1600; baseline -0.012 -4"><span class='ocrx_word' id='word_1_141' title='bbox 215 1542 413 1596; x_wconf 87' lang='lat' dir='ltr'>dicitur</span> <span class='ocrx_word' id='word_1_142' title='bbox 433 1533 782 1591; x_wconf 81' lang='lat' dir='ltr'>consobrinus</span> <span class='ocrx_word' id='word_1_143' title='bbox 795 1534 1056 1591; x_wconf 74' lang='lat' dir='ltr'>Barnabae.</span> <span class='ocrx_word' id='word_1_144' title='bbox 1132 1530 1386 1583; x_wconf 84' lang='lat' dir='ltr'>Meminit</span> <span class='ocrx_word' id='word_1_145' title='bbox 1399 1530 1562 1588; x_wconf 81' lang='lat' dir='ltr'>etiam</span> <span class='ocrx_word' id='word_1_146' title='bbox 1581 1531 1849 1600; x_wconf 80' lang='lat' dir='ltr'>cujusdam</span> 
     </span>
     <span class='ocr_line' id='line_1_20' title="bbox 209 1602 1849 1672; baseline -0.004 -5"><span class='ocrx_word' id='word_1_147' title='bbox 209 1615 373 1672; x_wconf 87' lang='lat' dir='ltr'>Marci</span> <span class='ocrx_word' id='word_1_148' title='bbox 399 1610 580 1669; x_wconf 82' lang='lat' dir='ltr'>Paulus</span> <span class='ocrx_word' id='word_1_149' title='bbox 617 1627 656 1660; x_wconf 61' lang='lat'>22</span> <span class='ocrx_word' id='word_1_150' title='bbox 684 1610 825 1660; x_wconf 82' lang='lat' dir='ltr'>Tim.</span> <span class='ocrx_word' id='word_1_151' title='bbox 845 1626 895 1672; x_wconf 88' lang='lat'>4:</span> <span class='ocrx_word' id='word_1_152' title='bbox 915 1624 969 1658; x_wconf 89' lang='lat'>11.</span> <span class='ocrx_word' id='word_1_153' title='bbox 1046 1610 1230 1661; x_wconf 89' lang='lat' dir='ltr'>Petrus</span> <span class='ocrx_word' id='word_1_154' title='bbox 1255 1603 1423 1658; x_wconf 85' lang='lat' dir='ltr'>filium</span> <span class='ocrx_word' id='word_1_155' title='bbox 1451 1602 1601 1663; x_wconf 73' lang='lat' dir='ltr'>{uum</span> <span class='ocrx_word' id='word_1_156' title='bbox 1630 1605 1783 1660; x_wconf 86' lang='lat' dir='ltr'>dicit.</span> <span class='ocrx_word' id='word_1_157' title='bbox 1812 1628 1849 1662; x_wconf 87' lang='lat'>1.</span> 
     </span>
     <span class='ocr_line' id='line_1_21' title="bbox 208 1679 1851 1762; baseline -0.006 -19"><span class='ocrx_word' id='word_1_158' title='bbox 208 1695 299 1762; x_wconf 86' lang='lat' dir='ltr'>Ep.</span> <span class='ocrx_word' id='word_1_159' title='bbox 317 1707 360 1742; x_wconf 89' lang='lat' dir='ltr'>c.</span> <span class='ocrx_word' id='word_1_160' title='bbox 377 1707 412 1753; x_wconf 83' lang='lat'>5:</span> <span class='ocrx_word' id='word_1_161' title='bbox 430 1706 489 1752; x_wconf 84' lang='lat'>13.</span> <span class='ocrx_word' id='word_1_162' title='bbox 505 1683 625 1736; x_wconf 89' lang='lat' dir='ltr'>sunt</span> <span class='ocrx_word' id='word_1_163' title='bbox 641 1681 731 1754; x_wconf 89' lang='lat' dir='ltr'>qui</span> <span class='ocrx_word' id='word_1_164' title='bbox 745 1679 1048 1733; x_wconf 85' lang='lat' dir='ltr'>existiment</span> <span class='ocrx_word' id='word_1_165' title='bbox 1063 1679 1164 1731; x_wconf 78' lang='lat' dir='ltr'>ess&#39;e</span> <span class='ocrx_word' id='word_1_166' title='bbox 1191 1684 1432 1732; x_wconf 86' lang='lat' dir='ltr'>Marcum</span> <span class='ocrx_word' id='word_1_167' title='bbox 1458 1679 1851 1757; x_wconf 79' lang='lat' dir='ltr'>Evangelistam.</span> 
     </span>
    </p>

    <p class='ocr_par' dir='ltr' id='par_1_5' title="bbox 129 1752 1905 2280">
     <span class='ocr_line' id='line_1_22' title="bbox 281 1752 1905 1832; baseline -0.001 -23"><span class='ocrx_word' id='word_1_168' title='bbox 281 1769 344 1819; x_wconf 84' lang='lat' dir='ltr'>V,</span> <span class='ocrx_word' id='word_1_169' title='bbox 376 1782 436 1827; x_wconf 79' lang='lat'>13.</span> <span class='ocrx_word' id='word_1_170' title='bbox 515 1756 777 1832; x_wconf 50' lang='grc' dir='ltr'>[ῥέξαντες.</span> <span class='ocrx_word' id='word_1_171' title='bbox 815 1757 1039 1820; x_wconf 84' lang='lat' dir='ltr'>Qanto</span> <span class='ocrx_word' id='word_1_172' title='bbox 1055 1771 1177 1807; x_wconf 89' lang='lat' dir='ltr'>cum</span> <span class='ocrx_word' id='word_1_173' title='bbox 1190 1752 1387 1826; x_wconf 87' lang='lat' dir='ltr'>gaudio</span> <span class='ocrx_word' id='word_1_174' title='bbox 1402 1756 1622 1811; x_wconf 78' lang='lat' dir='ltr'>Petrum</span> <span class='ocrx_word' id='word_1_175' title='bbox 1635 1771 1861 1824; x_wconf 75' lang='lat' dir='ltr'>excepe·</span> <span class='ocrx_word' id='word_1_176' title='bbox 1898 1775 1905 1778; x_wconf 80' lang='lat'><strong>·</strong></span> 
     </span>
     <span class='ocr_line' id='line_1_23' title="bbox 205 1825 1853 1903; baseline -0.022 -10"><span class='ocrx_word' id='word_1_177' title='bbox 205 1839 314 1893; x_wconf 84' lang='lat' dir='ltr'>rint</span> <span class='ocrx_word' id='word_1_178' title='bbox 338 1832 634 1892; x_wconf 77' lang='lat' dir='ltr'>Christiani,</span> <span class='ocrx_word' id='word_1_179' title='bbox 651 1834 706 1886; x_wconf 88' lang='lat' dir='ltr'>in</span> <span class='ocrx_word' id='word_1_180' title='bbox 717 1829 786 1882; x_wconf 87' lang='lat' dir='ltr'>de</span> <span class='ocrx_word' id='word_1_181' title='bbox 800 1842 968 1903; x_wconf 81' lang='lat' dir='ltr'>patet,</span> <span class='ocrx_word' id='word_1_182' title='bbox 987 1827 1133 1900; x_wconf 89' lang='lat' dir='ltr'>quod</span> <span class='ocrx_word' id='word_1_183' title='bbox 1145 1826 1331 1887; x_wconf 81' lang='lat' dir='ltr'>ancilla</span> <span class='ocrx_word' id='word_1_184' title='bbox 1343 1825 1506 1878; x_wconf 89' lang='lat' dir='ltr'>etiam</span> <span class='ocrx_word' id='word_1_185' title='bbox 1520 1843 1625 1896; x_wconf 77' lang='lat' dir='ltr'>prae</span> <span class='ocrx_word' id='word_1_186' title='bbox 1644 1828 1853 1899; x_wconf 68' lang='lat' dir='ltr'>gaudio-</span> 
     </span>
     <span class='ocr_line' id='line_1_24' title="bbox 202 1898 1849 1980; baseline -0.011 -15"><span class='ocrx_word' id='word_1_187' title='bbox 202 1910 436 1969; x_wconf 87' lang='lat' dir='ltr'>voluerit</span> <span class='ocrx_word' id='word_1_188' title='bbox 458 1906 600 1980; x_wconf 85' lang='lat' dir='ltr'>prius</span> <span class='ocrx_word' id='word_1_189' title='bbox 615 1906 798 1961; x_wconf 83' lang='lat' dir='ltr'>laetum</span> <span class='ocrx_word' id='word_1_190' title='bbox 811 1901 1071 1961; x_wconf 79' lang='lat' dir='ltr'>nuncium</span> <span class='ocrx_word' id='word_1_191' title='bbox 1093 1900 1335 1953; x_wconf 84' lang='lat' dir='ltr'>fidelibus</span> <span class='ocrx_word' id='word_1_192' title='bbox 1359 1898 1555 1956; x_wconf 85' lang='lat' dir='ltr'>referre</span> <span class='ocrx_word' id='word_1_193' title='bbox 1581 1916 1738 1972; x_wconf 85' lang='lat' dir='ltr'>quam</span> <span class='ocrx_word' id='word_1_194' title='bbox 1752 1905 1849 1954; x_wconf 81' lang='lat' dir='ltr'>Pe-</span> 
     </span>
     <span class='ocr_line' id='line_1_25' title="bbox 206 1973 1847 2044; baseline -0.007 -5"><span class='ocrx_word' id='word_1_195' title='bbox 206 2003 355 2040; x_wconf 91' lang='lat' dir='ltr'>trum</span> <span class='ocrx_word' id='word_1_196' title='bbox 379 1980 777 2037; x_wconf 84' lang='lat' dir='ltr'>intromittere:</span> <span class='ocrx_word' id='word_1_197' title='bbox 827 1975 884 2027; x_wconf 92' lang='lat' dir='ltr'>hi</span> <span class='ocrx_word' id='word_1_198' title='bbox 902 1974 1028 2029; x_wconf 79' lang='lat' dir='ltr'>vero</span> <span class='ocrx_word' id='word_1_199' title='bbox 1056 1992 1162 2044; x_wconf 81' lang='lat' dir='ltr'>prae</span> <span class='ocrx_word' id='word_1_200' title='bbox 1185 1973 1396 2043; x_wconf 76' lang='lat' dir='ltr'>stupore</span> <span class='ocrx_word' id='word_1_201' title='bbox 1421 1991 1535 2027; x_wconf 86' lang='lat' dir='ltr'>non</span> <span class='ocrx_word' id='word_1_202' title='bbox 1561 1975 1847 2044; x_wconf 86' lang='lat' dir='ltr'>potuerint</span> 
     </span>
     <span class='ocr_line' id='line_1_26' title="bbox 206 2044 1846 2113; baseline -0.007 0"><span class='ocrx_word' id='word_1_203' title='bbox 206 2059 440 2113; x_wconf 83' lang='lat' dir='ltr'>credere,</span> <span class='ocrx_word' id='word_1_204' title='bbox 457 2054 566 2108; x_wconf 91' lang='lat' dir='ltr'>ullo</span> <span class='ocrx_word' id='word_1_205' title='bbox 581 2050 752 2106; x_wconf 91' lang='lat' dir='ltr'>modo</span> <span class='ocrx_word' id='word_1_206' title='bbox 769 2067 834 2102; x_wconf 81' lang='lat' dir='ltr'>ex</span> <span class='ocrx_word' id='word_1_207' title='bbox 850 2065 965 2109; x_wconf 90' lang='lat' dir='ltr'>tam</span> <span class='ocrx_word' id='word_1_208' title='bbox 979 2047 1146 2107; x_wconf 88' lang='lat' dir='ltr'>valida</span> <span class='ocrx_word' id='word_1_209' title='bbox 1162 2045 1395 2100; x_wconf 84' lang='lat' dir='ltr'>custodia</span> <span class='ocrx_word' id='word_1_210' title='bbox 1410 2064 1533 2103; x_wconf 89' lang='lat' dir='ltr'>eum</span> <span class='ocrx_word' id='word_1_211' title='bbox 1557 2044 1705 2098; x_wconf 83' lang='lat' dir='ltr'>fuiffe</span> <span class='ocrx_word' id='word_1_212' title='bbox 1720 2046 1846 2101; x_wconf 90' lang='lat' dir='ltr'>libe-</span> 
     </span>
     <span class='ocr_line' id='line_1_27' title="bbox 204 2119 1846 2193; baseline -0.009 -6"><span class='ocrx_word' id='word_1_213' title='bbox 204 2148 397 2187; x_wconf 83' lang='lat' dir='ltr'>ratum.</span> <span class='ocrx_word' id='word_1_214' title='bbox 477 2127 629 2181; x_wconf 74' lang='lat' dir='ltr'>unde</span> <span class='ocrx_word' id='word_1_215' title='bbox 644 2126 877 2181; x_wconf 80' lang='lat' dir='ltr'>statuunt</span> <span class='ocrx_word' id='word_1_216' title='bbox 893 2122 1120 2193; x_wconf 89' lang='lat' dir='ltr'>puellam</span> <span class='ocrx_word' id='word_1_217' title='bbox 1135 2137 1224 2174; x_wconf 91' lang='lat' dir='ltr'>aut</span> <span class='ocrx_word' id='word_1_218' title='bbox 1237 2137 1367 2175; x_wconf 87' lang='lat' dir='ltr'>vana</span> <span class='ocrx_word' id='word_1_219' title='bbox 1379 2119 1545 2191; x_wconf 84' lang='lat' dir='ltr'>loqui,</span> <span class='ocrx_word' id='word_1_220' title='bbox 1560 2133 1650 2171; x_wconf 88' lang='lat' dir='ltr'>aut</span> <span class='ocrx_word' id='word_1_221' title='bbox 1674 2119 1846 2174; x_wconf 70' lang='lat' dir='ltr'>adess‘c</span> 
     </span>
     <span class='ocr_line' id='line_1_28' title="bbox 129 2193 1844 2280; baseline -0.005 -27"><span class='ocrx_word' id='word_1_222' title='bbox 129 2266 132 2267; x_wconf 15' lang='lat'><em>⁷</em></span> <span class='ocrx_word' id='word_1_223' title='bbox 204 2206 476 2280; x_wconf 80' lang='lat' dir='ltr'>Angelum</span> <span class='ocrx_word' id='word_1_224' title='bbox 506 2237 521 2260; x_wconf 90' lang='lat'>,</span> <span class='ocrx_word' id='word_1_225' title='bbox 538 2200 629 2273; x_wconf 89' lang='lat' dir='ltr'>qui</span> <span class='ocrx_word' id='word_1_226' title='bbox 652 2203 869 2252; x_wconf 89' lang='lat' dir='ltr'>Petrum</span> <span class='ocrx_word' id='word_1_227' title='bbox 897 2201 948 2249; x_wconf 85' lang='lat'>&amp;</span> <span class='ocrx_word' id='word_1_228' title='bbox 972 2194 1261 2265; x_wconf 88' lang='lat' dir='ltr'>Apostolos</span> <span class='ocrx_word' id='word_1_229' title='bbox 1294 2193 1536 2250; x_wconf 85' lang='lat' dir='ltr'>liberavit</span> <span class='ocrx_word' id='word_1_230' title='bbox 1552 2193 1844 2251; x_wconf 79' lang='lat' dir='ltr'>ecustodia,</span> 
     </span>
    </p>

    <p class='ocr_par' dir='ltr' id='par_1_6' title="bbox 202 2267 1844 2422">
     <span class='ocr_line' id='line_1_29' title="bbox 202 2267 1842 2352; baseline -0.005 -26"><span class='ocrx_word' id='word_1_231' title='bbox 202 2281 309 2352; x_wconf 82' lang='lat' dir='ltr'>sup,</span> <span class='ocrx_word' id='word_1_232' title='bbox 327 2296 435 2348; x_wconf 83' lang='lat' dir='ltr'>cap.</span> <span class='ocrx_word' id='word_1_233' title='bbox 467 2298 499 2344; x_wconf 87' lang='lat'>5:</span> <span class='ocrx_word' id='word_1_234' title='bbox 527 2296 592 2339; x_wconf 85' lang='lat'>19.</span> <span class='ocrx_word' id='word_1_235' title='bbox 620 2272 967 2326; x_wconf 76' lang='lat' dir='ltr'>nunciantem</span> <span class='ocrx_word' id='word_1_236' title='bbox 993 2268 1311 2337; x_wconf 82' lang='lat' dir='ltr'>Apostolum</span> <span class='ocrx_word' id='word_1_237' title='bbox 1331 2267 1677 2324; x_wconf 86' lang='lat' dir='ltr'>moriturum,</span> <span class='ocrx_word' id='word_1_238' title='bbox 1693 2284 1842 2338; x_wconf 80' lang='lat' dir='ltr'>eosq3</span> 
     </span>
     <span class='ocr_line' id='line_1_30' title="bbox 203 2338 1844 2422; baseline -0.009 -15"><span class='ocrx_word' id='word_1_239' title='bbox 203 2354 401 2408; x_wconf 81' lang='lat' dir='ltr'>frustra,</span> <span class='ocrx_word' id='word_1_240' title='bbox 427 2369 527 2422; x_wconf 93' lang='lat' dir='ltr'>pro</span> <span class='ocrx_word' id='word_1_241' title='bbox 551 2345 870 2401; x_wconf 70' lang='lat' dir='ltr'>liberatione</span> <span class='ocrx_word' id='word_1_242' title='bbox 895 2347 1001 2411; x_wconf 88' lang='lat' dir='ltr'>ejus</span> <span class='ocrx_word' id='word_1_243' title='bbox 1023 2342 1280 2395; x_wconf 77' lang='lat' dir='ltr'>laborare.</span> <span class='ocrx_word' id='word_1_244' title='bbox 1355 2338 1481 2396; x_wconf 88' lang='lat' dir='ltr'>Viso</span> <span class='ocrx_word' id='word_1_245' title='bbox 1496 2356 1675 2393; x_wconf 87' lang='lat' dir='ltr'>autem</span> <span class='ocrx_word' id='word_1_246' title='bbox 1689 2344 1844 2410; x_wconf 90' lang='lat' dir='ltr'>Apo-</span> 
     </span>
    </p>
   </div>
   <div class='ocr_carea' id='block_1_3' title="bbox 201 2414 1843 2560">
    <p class='ocr_par' dir='ltr' id='par_1_7' title="bbox 201 2414 1843 2560">
     <span class='ocr_line' id='line_1_31' title="bbox 201 2414 1840 2495; baseline -0.01 -12"><span class='ocrx_word' id='word_1_247' title='bbox 201 2428 339 2483; x_wconf 86' lang='lat' dir='ltr'>stolo</span> <span class='ocrx_word' id='word_1_248' title='bbox 355 2421 745 2495; x_wconf 72' lang='lat' dir='ltr'>obstupescunt,</span> <span class='ocrx_word' id='word_1_249' title='bbox 765 2414 1025 2473; x_wconf 80' lang='lat' dir='ltr'>mirantur</span> <span class='ocrx_word' id='word_1_250' title='bbox 1048 2415 1124 2468; x_wconf 82' lang='lat' dir='ltr'>rei</span> <span class='ocrx_word' id='word_1_251' title='bbox 1137 2414 1437 2470; x_wconf 79' lang='lat' dir='ltr'>novitatem</span> <span class='ocrx_word' id='word_1_252' title='bbox 1453 2448 1468 2472; x_wconf 85' lang='lat'>‚</span> <span class='ocrx_word' id='word_1_253' title='bbox 1484 2414 1732 2468; x_wconf 84' lang='lat' dir='ltr'>certatim</span> <span class='ocrx_word' id='word_1_254' title='bbox 1757 2431 1840 2467; x_wconf 84' lang='lat' dir='ltr'>ro-</span> 
     </span>
     <span class='ocr_line' id='line_1_32' title="bbox 1592 2491 1843 2560; baseline 0.004 -21"><span class='ocrx_word' id='word_1_255' title='bbox 1592 2491 1632 2512; x_wconf 64' lang='lat' dir='ltr'><em>s</em></span> <span class='ocrx_word' id='word_1_256' title='bbox 1710 2503 1843 2560; x_wconf 84' lang='lat' dir='ltr'>gan·-</span> 
     </span>
    </p>
   </div>
  </div>
 </body>
</html>
