2008 2911
603 155 657 218 c
750 158 809 223 A
900 157 959 221 P.
1102 159 1290 224 «XXI.
1689 169 1836 246 235:

173 238 408 297 minium
435 245 491 296 in
509 248 679 318 Reges
706 251 757 300 ὅ(
787 247 1016 318 populos
1033 281 1047 303 ‚
1074 266 1187 302 non
1215 250 1386 303 solum
1411 253 1839 326 Ecclefiasticam‚

178 316 237 367 in
266 318 583 390 religionem
617 323 667 371 ὅ(
695 320 951 391 dogmata
976 355 989 376 ‚
1027 320 1402 396 scripturarum
1453 326 1832 400 interpretatio

172 406 328 448 nem,
352 391 602 443 articulos
629 392 789 449 fidei,
819 394 1230 447 constitutiones
1273 414 1331 448 ac
1355 398 1487 450 ritus
1514 422 1522 452 :
1551 401 1640 455 sed
1665 408 1830 460 etiam

173 479 470 520 externam,
506 465 560 514 in
576 466 777 536 Regnis
803 466 1018 517 mundis
1047 469 1343 522 mutandis:
1374 475 1605 544 Regibus
1635 480 1829 530 consti-

170 537 414 595 tuendis,
455 538 834 609 eonfirmandis
863 572 876 593 ‚
920 538 1254 609 deponendis
1294 565 1304 593 :
1347 543 1580 599 ferendis
1622 550 1825 622 legibus

170 613 224 662 &
238 611 560 683 abrogandi,
586 612 921 682 veetigalibus
941 614 1296 682 imponendis,
1369 621 1501 685 Qae
1517 639 1671 691 quam
1691 626 1826 677 bene

168 682 236 736 ad
250 685 355 736 hoc
369 684 688 754 principium
706 684 986 756 quadrent,
1002 706 1189 739 omnes
1204 688 1405 743 vident.
1485 697 1705 749 Petrum
1718 702 1823 751 Ro-

166 775 267 808 mae
289 757 545 827 supplicio
566 757 810 810 affedhim
839 760 1064 812 historiae
1089 760 1358 825 referunt3
1396 764 1486 816 sed
1510 767 1820 840 episcopum

164 824 313 886 fuiffe
329 827 632 884 Romanum
647 833 861 903 probari
878 853 989 886 non
1002 834 1194 903 potest,
1210 836 1387 891 multo
1401 838 1577 891 minus
1589 845 1739 896 annis
1754 865 1823 912 ²51

164 902 507 958 ibiresediffe.
587 907 637 958 Si
665 906 807 957 enim
831 906 1007 958 Paulus
1020 909 1199 977 primo
1216 910 1299 963 vel
1322 909 1555 966 secundo
1581 932 1722 969 anno
1752 922 1817 973 ab

163 975 461 1030 ascensione
482 979 669 1030 Christi
687 979 979 1035 conversus,
996 981 1235 1041 triennio
1253 983 1439 1036 docuit
1455 987 1510 1037 in
1526 990 1692 1058 Syria,
1710 995 1760 1045 &
1774 994 1820 1044 i-

163 1052 413 1120 terfipost
428 1070 595 1104 annos
612 1054 1018 1124 quatuordecim
1034 1055 1171 1121 vidit
1199 1061 1416 1110 Petrum
1447 1061 1783 1132 lerosolymis
1798 1101 1815 1122 ,

165 1128 217 1175 δε
232 1124 373 1176 inter
390 1145 482 1178 eos
496 1127 562 1178 fic
578 1125 832 1179 convenit
851 1141 910 1176 ut
928 1130 1104 1177 Petrus
1119 1129 1258 1197 apud
1277 1130 1815 1208 IudaeosEvangeliza-

162 1212 246 1249 ret
262 1197 365 1267 ipse
382 1199 522 1250 inter
538 1215 739 1271 gentes
820 1205 949 1251 Non
964 1216 1075 1252 erat
1101 1200 1228 1272 itac'13
1255 1208 1438 1256 Petrus
1457 1210 1645 1261 Romae
1669 1228 1814 1266 anno

160 1272 351 1324 Christi
369 1292 441 1337 50.
468 1276 616 1327 venit
644 1271 835 1325 deinde
850 1274 1207 1328 Antiochiam
1223 1298 1237 1338 ;
1265 1277 1393 1329 ficut
1409 1280 1520 1332 haec
1535 1283 1717 1336 omnia
1732 1303 1815 1338 re-

160 1345 271 1399 fert
288 1348 463 1398 Paulus
477 1347 542 1398 ad
557 1347 664 1398 Gal.
685 1364 790 1416 cap.
810 1367 844 1398 1.
863 1351 912 1399 &
927 1367 965 1399 z.
982 1349 1073 1401 ubi
1086 1347 1122 1399 fi
1140 1350 1440 1421 aliquandiu
1464 1354 1705 1409 moratus
1731 1358 1815 1411 fu-

144 1420 223 1474 it,
252 1436 536 1493 emergunt
551 1420 673 1471 anni
692 1442 767 1484 77.
784 1437 872 1470 aut
889 1419 1033 1472 forte
1050 1434 1129 1478 80.
1158 1428 1346 1474 Annus
1358 1423 1559 1475 scilicet
1571 1431 1816 1497 vespasia-

160 1495 235 1550 ni,
255 1515 327 1547 10.
409 1500 543 1548 Cum
571 1511 752 1546 tamen
779 1496 994 1544 Petrum
1022 1493 1109 1545 sub
1148 1500 1367 1548 Nerone
1392 1496 1656 1566 ‘supplicio
1681 1502 1811 1555 affe-

128 1623 131 1626 ,
159 1571 321 1624 stum,
333 1586 476 1621 anno
502 1569 697 1636 [cilicet
712 1568 970 1619 Nerronis
990 1588 1045 1632 13.
1076 1570 1337 1620 Baronius
1362 1575 1413 1622 ὃς
1439 1571 1646 1639 Papistae
1670 1576 1814 1641 affirf
1883 1637 1887 1639 p

157 1656 341 1695 ment:
370 1643 457 1713 qui
474 1643 574 1694 fuit
589 1659 753 1692 annus
768 1641 956 1692 Christi
974 1653 1041 1704 65.
1069 1641 1388 1710 Epiphanius
1402 1658 1585 1697 tamen
1602 1649 1812 1705 Petri&

158 1717 300 1771 Pauli
326 1717 483 1769 obitfi
511 1717 567 1768 in
597 1714 984 1782 duodecimum
1001 1717 1142 1766 annu
1158 1716 1391 1767 Neronis
1405 1716 1590 1774 refert,
1607 1724 1809 1777 Tomo.

160 1791 325 1854 utlib.
345 1811 378 1842 1.
396 1789 749 1857 dffliaerefibus
766 1810 778 1849 3
795 1787 966 1840 haeres.
993 1807 1066 1850 27:
1144 1793 1272 1842 Non
1288 1791 1612 1864 potuititaq5
1630 1799 1812 1849 Petrus

158 1869 412 1918 Romanae
429 1863 657 1915 Ecclessae
673 1861 878 1931 praeesse
892 1862 1040 1912 annis
1056 1882 1114 1928 25·
1153 1862 1364 1916 Deinde
1379 1897 1391 1919 2
1408 1884 1522 1917 non
1535 1863 1630 1918 soli
1645 1873 1808 1924 Petro

162 1938 390 1991 Christus
405 1935 626 1989 ecclefiae
641 1953 822 1987 euram
838 1936 1108 2006 commisit
1124 1970 1136 1991 ‚
1151 1935 1240 2003 sed
1264 1938 1536 2007 Apostolis
1556 1943 1809 1996 omnibus

157 2011 324 2066 fimul.
353 2016 506 2064 Matt.
523 2021 592 2067 28:
614 2031 675 2072 19.
719 2006 889 2060 U'nam
915 2009 1166 2062 omnibus
1188 2010 1525 2078 postestatem
1554 2017 1808 2076 contulit,

158 2083 569 2157 promisslonem
586 2082 736 2134 dedit
751 2081 912 2134 cande
921 2101 975 2132 m
992 2103 1002 2133 :
1020 2083 1312 2137 Primatum
1326 2083 1537 2141 sustulit.
1553 2093 1708 2143 Matt.
1725 2089 1806 2146 20':

160 2169 234 2212 26.
257 2157 382 2231 „Qui
396 2157 594 2206 voluerit
607 2165 728 2206 inter
747 2175 831 2208 vos
853 2158 999 2224 major
1000 2157 1130 2223 fieri,
1136 2158 1200 2224 sit
1219 2157 1369 2223 vester
1380 2160 1617 2226 minister:
1647 2162 1704 2221 εἴ
1726 2169 1812 2235 qui

160 2232 374 2284 voluerit
388 2234 506 2281 inter
526 2248 612 2279 vos
621 2233 797 2300 primus
815 2229 907 2299 effe,
923 2232 1010 2277 erit
1024 2229 1357 2295 vesterservus.
1408 2233 1489 2284 Sic
1503 2236 1632 2286 Luc·
1648 2254 1715 2289 22:
1730 2249 1803 2292 26.

161 2308 280 2357 Hoc
294 2304 418 2362 loco
435 2306 650 2356 Petrum
679 2301 847 2355 solum
878 2301 1161 2371 compellat
1187 2307 1238 2355 ὅ(
1263 2320 1383 2355 cum
1412 2305 1520 2375 ipso
1545 2308 1804 2379 loquitur,

162 2395 349 2433 verum
365 2375 459 2426 est:
488 2373 578 2441 sed
592 2373 930 2443 probandum
966 2388 1077 2433 erat
1094 2407 1110 2430 ,
1135 2377 1291 2432 Petro
1316 2377 1373 2428 in
1399 2379 1503 2431 hoc
1530 2381 1807 2452 colloquio

77 2499 85 2503 -
162 2451 484 2524 potestatem
497 2449 810 2517 peculiarem
823 2446 970 2503 fuiss'e
985 2447 1232 2504 collatam
1248 2484 1262 2508 ‚
1277 2469 1390 2524 quae
1404 2453 1509 2521 alijs
1524 2471 1638 2509 non
1653 2473 1805 2508 com-

921 2524 957 2571 P
982 2537 1015 2589 p
1092 2540 1117 2572 z
1336 2592 1337 2595 Ἴ
1712 2544 1803 2602 pe-
