2122 2911
279 126 374 203 32,
914 115 1180 210 Evangl.
1207 115 1425 199 johan.
1634 116 1640 129 ‘
1710 175 1736 193 ,

289 244 582 320 quicquam
597 236 842 296 couferre
867 237 1047 309 potest
1058 238 1128 293 ad
1137 238 1214 294 sui
1228 238 1715 312 regenerationem,
1730 238 1822 295 sed
1834 240 1957 315 neq,

288 315 516 392 seipsum
552 315 622 370 ad
647 313 878 390 gratiam
903 312 1268 385 recipiendam
1295 312 1606 385 disponere,
1624 331 1684 366 ac
1708 333 1777 369 ne
1801 316 1962 371 ratio-

287 413 420 450 nem
436 392 658 466 quidem
673 386 960 464 quomodo
977 387 1072 441 fiat
1099 406 1286 462 capere
1311 404 1404 442 aut
1431 388 1733 462 intelligere
1755 390 1961 464 potest:

286 473 414 524 Deru
431 469 623 520 enimin
638 464 760 520 noba}
773 475 990 535 operatur
1001 462 1121 516 veae
1138 463 1194 526 εἴ
1203 466 1442 537 perficere.
1487 463 1634 518 Phili.
1666 484 1704 518 z:
1735 485 1795 532 13.
1825 466 1963 521 ficut

285 546 375 599 illa
399 542 633 616 superius
659 538 944 613 explicavit
971 538 1294 612 Evangelista
1319 560 1330 592 :
1361 556 1469 611 cap.
1501 559 1537 593 1:
1567 555 1627 597 υ.
1652 540 1761 611 Qi
1785 560 1879 593 nm
1901 559 1964 590 ex

271 617 602 696 fimgvinibm,
621 636 722 691 urg.
737 633 799 667 ex
815 615 1063 666 voluntate
1076 618 1224 668 carnis
1238 648 1256 677 ,
1271 617 1372 689 neq}
1388 633 1450 665 ex
1463 616 1704 668 voluntate
1732 618 1863 674 viri,
1890 614 1967 673 [bd

283 715 349 750 ex
361 701 458 747 Deo
473 697 572 745 nati
572 693 700 763 sunt.
740 695 806 743 Et
821 694 983 743 Rom.
1002 710 1050 751 9.
1067 690 1173 740 Non
1187 687 1260 755 est
1269 691 1460 741 volente&
1476 693 1573 762 neq}
1603 689 1830 744 currenti&
1845 725 1859 749 ‚
1873 690 1964 759 sed

282 773 540 841 miserenti}
554 771 660 821 Dei.
718 769 851 818 Non
864 763 1060 817 merita
1073 763 1163 817 hic
1179 763 1377 821 valent,
1397 782 1514 818 non
1527 764 1746 818 carnalis
1764 783 1964 838 peaero-

284 847 481 921 gativa,
498 862 612 898 non
625 840 816 913 praevia
830 837 1124 911 dispositio,
1139 836 1230 891 sed
1243 837 1350 892 sola
1373 840 1546 912 gratia
1575 843 1627 892 &
1651 840 1958 896 misericor-

211 938 214 939 ’
284 922 371 975 dia
386 920 507 976 Dei,
523 918 615 990 qui
630 919 758 989 cuju«
776 913 889 970 vult
900 915 1162 982 mistretam
1182 928 1245 965 ut¹
1258 912 1323 966 fit
1340 913 1668 984 principium
1683 914 1870 972 nostrae
1883 913 1957 967 sa-

283 997 410 1052 lutis
425 1011 490 1048 ex
506 991 620 1047 solo
635 995 774 1045 Deo.
853 987 1195 1043 Nicodemus
1211 987 1435 1041 miratur
1461 1005 1662 1043 novam
1686 990 1821 1042 hanc
1847 988 1957 1060 atss

283 1070 547 1125 insuetam
560 1065 735 1125 salutis
750 1061 1019 1118 rationem
1033 1098 1046 1120 ,
1074 1063 1166 1134 qui
1183 1063 1425 1134 putabat,
1443 1081 1567 1116 cum
1581 1062 1840 1116 Pharisaeis
1855 1097 1869 1119 ‚
1884 1061 1959 1114 sa-

283 1146 458 1199 lutem
486 1141 807 1213 contingere
845 1156 910 1190 ex
935 1138 1202 1209 operibus,
1285 1137 1491 1208 Qaerit
1518 1138 1738 1192 ulterius
1757 1156 1870 1211 quae
1894 1137 1959 1194 fit

283 1222 397 1275 haec
413 1235 553 1272 nova
566 1216 633 1270 ad
646 1214 867 1267 salutem
880 1213 979 1271 via,
997 1212 1088 1285 qui
1102 1209 1323 1265 modus³
1343 1212 1372 1269 ,ξ’

356 1300 420 1349 V.
463 1312 520 1346 10
623 1290 874 1351 ,Α’πιιφὶθη.
913 1308 946 1353 3.
977 1285 1291 1358 Respondet
1310 1285 1447 1344 Iesus
1473 1306 1598 1340 cum
1625 1288 1958 1342 commotio-

283 1388 352 1425 ne
369 1373 419 1422 &
435 1367 857 1442 exprobratione
883 1362 1108 1422 inscitie-e
1132 1378 1342 1431 eorum,
1359 1361 1451 1434 qui
1477 1362 1535 1414 in
1562 1361 1829 1437 dignitate
1853 1381 1956 1433 po-

282 1445 385 1500 siti,
404 1443 565 1500 docto
574 1458 650 1492 res
665 1438 915 1496 omnium
931 1456 1045 1511 quae
1059 1435 1127 1490 ad
1139 1435 1272 1509 legis
1286 1440 1337 1490 ὅ(
1353 1438 1746 1509 Prophetarum
1773 1437 1958 1511 cogni-

284 1520 500 1572 tionem
525 1515 780 1587 speciant,
807 1514 870 1566 ab
898 1512 1154 1566 omnibus
1183 1511 1463 1564 habentur.
1542 1515 1794 1582 Qorum
1819 1512 1955 1563 affli-

282 1594 520 1647 ctionem
545 1588 791 1641 misertus
814 1586 1040 1642 salvator
1068 1621 1083 1646 ,
1110 1585 1248 1643 dicit
1276 1586 1379 1639 esse
1416 1604 1544 1642 oves
1579 1588 1686 1643 line
1727 1585 1949 1657 pastore:

282 1674 437 1722 Matt
457 1688 503 1730 9:
521 1674 571 1731 36
605 1681 739 1737 quos
753 1677 812 1719 ut
829 1660 995 1714 duces
1011 1679 1177 1718 caeeos
1193 1676 1487 1718 execratur,
1503 1666 1661 1718 Matr.
1680 1680 1741 1725 23.
1759 1665 1823 1713 Et
1838 1678 1958 1730 pau-

278 1743 371 1798 lus,
388 1746 545 1794 Rom.
572 1758 611 1791 z:
630 1758 690 1802 17.
765 1736 873 1803 Qi
900 1755 1025 1789 cum
1052 1753 1281 1806 operum
1305 1734 1555 1802 justitiam
1579 1735 1859 1790 carnaliter
1878 1733 1981 1786 sem

281 1816 510 1871 Cten'tur,
526 1814 631 1868 Dei
645 1811 837 1882 justitia
850 1812 1108 1885 ignorant
1126 1846 1138 1867 ‚
1156 1807 1473 1881 populumss
1501 1809 1796 1880 simplicem
1810 1808 1956 1862 deci-
2005 1812 2009 1818 '

279 1892 439 1962 piunt
459 1923 472 1947 ,
489 1894 647 1942 Rom.
665 1905 739 1940 10:
755 1906 790 1954 3.
821 1891 1037 1939 Naturae
1053 1883 1440 1958 coruptionem
1455 1902 1572 1937 non
1587 1883 1825 1938 sentiunt
1841 1906 1857 1947 3
1885 1881 1954 1937 de

281 1983 385 2038 qua
409 1963 566 2018 sansti
593 1977 1020 2034 conqueruntur:
1099 1958 1239 2031 Nedp
1255 1957 1551 2012 attendunt
1579 1957 1812 2012 modum
1839 1976 1950 2030 quo

281 2040 575 2096 Abraham,
590 2035 765 2090 David
780 2041 831 2090 ὅ(
846 2037 1129 2107 Prophetae
1142 2032 1406 2104 justificati
1419 2030 1540 2085 sunt
1558 2068 1571 2090 ,
1587 2036 1746 2086 Rom.
1760 2050 1809 2098 4.
1829 2036 1953 2085 Cre-

281 2113 423 2167 didit
439 2113 712 2167 Abraham
728 2115 866 2165 Deo:
883 2115 986 2164 &a
1027 2109 1252 2163 Duravit
1268 2110 1380 2162 haec
1394 2107 1686 2161 contentio
1702 2108 1777 2161 -ab
1792 2123 1949 2161 exor—

282 2188 376 2241 dio
395 2187 581 2240 mundi
600 2208 610 2246 ;
630 2186 768 2247 inter
783 2185 916 2237 Cain
935 2190 987 2238 &
1012 2184 1169 2241 Abel,
1188 2181 1404 2236 Ismaele
1419 2186 1471 2235 δε
1495 2180 1646 2238 Isaac,
1662 2179 1787 2234 Esau
1802 2185 1853 2236 ὅ(
1865 2184 1951 2248 Ja-

235 2268 242 2270 ”
280 2262 548 2315 cob:s1cur
576 2267 627 2314 &
643 2259 709 2313 de
728 2260 1080 2332 praerogativa
1098 2257 1304 2310 carnali.
1383 2256 1467 2308 Sic
1493 2254 1730 2310 Pharisaei
1758 2256 1947 2309 clama-

277 2340 426 2391 bant,
432 2336 589 2405 ftmen
605 2333 863 2392 Abraham,
890 2333 1011 2386 infr.
1028 2351 1072 2386 c.
1090 2342 1130 2390 8:
1146 2352 1199 2399 39
1229 2334 1444 2398 Luc.3:3.
1461 2331 1513 2382 ‘l'
1507 2329 1710 2403 emplum
1726 2329 1952 2387 Domini,
2022 2368 2025 2370 <

283 2415 386 2480 Jer.
408 2431 452 2475 ,τε
473 2431 516 2475 4.
544 2410 1161 2481 OperajastantzLuca&
1190 2412 1500 2483 113Matt.13.
1522 2422 1558 2474 5.
1585 2409 1714 2472 διες.
1792 2408 1949 2530 Etlex

1786 2510 1788 2512 -
1877 2495 1944 2533 us
