2091 2911
954 41 976 63 Χ

274 221 397 298 134:
944 194 1237 286 Evangel.
1282 162 1501 273 Johssm:

276 318 572 387 constantia
585 317 836 375 notabilis
850 315 1017 374 sanati¹
1027 316 1168 373 caeci,
1185 316 1367 369 coram
1382 310 1656 370 Pharisaeis,
1672 311 1937 379 salvatoris

277 398 542 459 inimicis:
570 395 660 450 ubi
674 393 901 447 eandem
918 408 1077 464 quam
1090 404 1246 442 antea
1259 387 1656 442 confeffionem
1671 386 1785 440 edit
1800 408 1815 450 3
1828 405 1937 442 vet-

277 480 351 535 ba
364 473 552 528 eadem
568 467 888 542 Evangelista
902 464 1100 536 repetit
1117 499 1131 521 ‚
1157 477 1218 515 ut
1245 461 1597 518 commendet
1615 466 1668 515 δε
1692 460 1940 515 illustrio-

280 568 401 606 rem
414 544 603 599 reddat
618 543 854 597 hominis
878 539 1046 592 fidem
1065 544 1115 592 ὅ(
1141 537 1508 592 constantiam.
1589 534 1822 588 Pharisaei
1847 552 1938 586 au-

282 640 403 680 tem
417 620 570 677 omni
586 616 757 670 studio
773 615 1072 688 inquirupnn
1097 630 1163 664 an
1178 613 1233 665 in
1247 613 1353 667 hoc
1368 608 1720 680 fa&o.aliquid
1738 608 1940 679 possint

281 689 906 769 deprehendereifalsum,
933 690 1021 738 aut
1038 684 1445 756 reprehensione
1472 683 1750 756 dignum.
1828 682 1940 735 Pri-

282 790 436 829 mum
455 768 619 841 igitur
633 778 1012 837 argumentum
1039 777 1147 832 quo
1164 758 1339 831 arguit
1363 756 1799 812 incredulitatem
1814 756 1946 808 Pha-

282 846 572 900 risaeorum,
587 838 659 891 est
673 857 738 890 ex
753 835 857 889 fide
872 837 1103 887 humana
1117 867 1130 890 ,
1155 831 1383 902 ‘proprio
1403 830 1610 883 scilicet
1628 831 1944 885 testimonio

287 926 416 990 ejus,
432 915 523 989 qui
537 931 653 965 rem
667 909 830 982 ipsam
845 924 1095 979 expertus
1109 906 1181 959 est
1197 928 1209 967 3
1225 904 1309 958 cui
1322 904 1427 957 sine
1443 903 1610 957 dubio
1624 902 1837 958 addidit
1860 920 1946 956 te-

282 990 534 1046 stimonia
547 1004 756 1041 eorum,
773 984 865 1056 qui
889 982 1166 1034 astiterunt
1191 979 1509 1050 specstatores
1526 977 1781 1030 miraculi.
1860 978 1945 1030 Sic

287 1086 356 1121 ex
367 1065 628 1118 relatione
642 1058 871 1129 Philippi
886 1056 1103 1108 initium
1118 1053 1244 1106 fidei
1258 1053 1469 1124 accepit
1495 1050 1805 1105 Nathanael.
1834 1050 1942 1124 sup.

288 1163 333 1198 c.
350 1159 385 1193 1:
402 1157 470 1204 45.
504 1141 577 1188 Ex
590 1132 824 1186 mulieris
838 1129 1083 1182 sermone
1100 1128 1167 1181 de
1184 1127 1393 1180 Christo
1408 1161 1420 1182 ‚
1435 1126 1745 1183 Samaritani
1771 1125 1949 1179 crede-

247 1213 251 1214 ⁷
288 1209 629 1280 reincipiunt
648 1243 661 1263 ,
679 1223 907 1278 quorum
925 1202 1056 1254 fides
1069 1203 1276 1254 firmata
1293 1199 1397 1251 fuit
1412 1205 1464 1252 ὅ(
1487 1197 1723 1253 absoluta
1745 1198 1952 1253 sermo-

289 1308 358 1342 ne
374 1284 577 1339 Christi.
644 1285 764 1350 Sup.
782 1297 824 1330 e.
841 1301 888 1341 4·
908 1281 992 1329 Ac
1005 1273 1208 1348 nequid
1220 1275 1287 1327 ad
1302 1272 1468 1326 fidem
1482 1272 1781 1325 faciendam
1796 1272 1947 1332 defit,

292 1364 457 1415 etiam
471 1354 702 1410 modum
717 1351 961 1423 explicat.
1184 1399 1187 1402 ,
1320 1348 1323 1350 ’

364 1441 429 1489 V.
473 1443 536 1484 16.
619 1422 797 1491 ἔλεγον.
829 1423 1063 1478 Pharisaei
1078 1422 1317 1475 miraculi
1341 1441 1405 1475 ac
1431 1421 1646 1473 testium
1676 1419 1949 1475 evidentia

295 1505 547 1564 convicti,
567 1503 623 1555 in
640 1516 814 1572 partes
827 1500 1026 1552 abeunt
1047 1518 1061 1558 3
1078 1513 1423 1550 contumaces
1438 1500 1487 1548 ὃ(
1505 1494 1740 1547 indurati
1754 1494 1949 1549 calum-

294 1585 442 1638 niam
462 1577 799 1649 excogitant,
826 1577 877 1626 &
891 1570 1086 1624 factum
1110 1570 1424 1625 miraculum
1451 1587 1515 1620 ex
1527 1568 1820 1624 violatione
1834 1568 1951 1626 Sab-

295 1655 450 1711 bathi
464 1652 764 1705 metiuntur
782 1669 795 1709 3
811 1645 953 1698 unde
967 1646 1201 1718 probant
1217 1647 1281 1698 εὖ
1294 1661 1409 1697 non
1424 1641 1524 1695 effe
1539 1640 1569 1694 ὲ
1582 1646 1701 1696 Deo
1718 1662 1728 1693 ε
1755 1641 1860 1694 hoc
1875 1641 1964 1695 est,

297 1730 413 1783 non
437 1742 617 1782 veram
644 1721 941 1775 doCtrinam
958 1719 1023 1772 de
1039 1722 1161 1772 Deo
1177 1718 1365 1771 afferre
1379 1752 1394 1774 ‚
1418 1733 1518 1768 nec
1548 1715 1576 1768 ὲ
1589 1720 1708 1770 Deo
1723 1714 1875 1767 missu
1948 1736 1994 1767 »a

297 1803 402 1856 Sed
416 1796 715 1873 propositio
743 1813 857 1846 non
871 1793 943 1845 est
954 1791 1269 1852 universali53
1286 1807 1459 1862 neque
1474 1790 1618 1842 enim
1635 1807 1798 1845 omne
1814 1808 1949 1860 opus
1978 1779 1982 1783 ⁴

297 1875 448 1951 quod
461 1875 521 1926 fit
537 1872 592 1923 in
605 1868 871 1923 sabbatho
889 1867 1063 1939 legem
1076 1865 1240 1918 violat
1257 1879 1316 1915 ut
1332 1863 1542 1916 dietum
1557 1864 1642 1916 est.
1663 1881 1705 1915 e.
1720 1882 1752 1928 ς.
1768 1868 1819 1916 &
1834 1882 1884 1916 c.
1902 1882 1957 1928 72¹

295 1971 314 2004 ι
321 1971 356 2011 5.
406 1946 534 2018 itadp
561 1942 744 1996 minor
770 1958 922 2012 prop.
950 1939 1021 1991 est
1050 1936 1169 1988 falsa
1182 1973 1196 1996 ‚
1224 1956 1338 2010 quae
1368 1935 1501 1989 dicit
1532 1936 1797 1988 Christum
1834 1953 1952 1992 non
2003 1984 2006 1985 γ

299 2023 498 2076 servare
513 2018 851 2088 Sabbathum.
931 2013 1115 2068 Altera
1126 2029 1241 2081 pars
1255 2011 1327 2063 est
1338 2027 1532 2064 eorum
1547 2009 1636 2080 qui
1650 2027 1714 2061 ex
1728 2009 1833 2063 hoc
1847 2011 1952 2062 mi-

300 2098 478 2149 raculo
495 2089 800 2146 confirmati
815 2089 871 2139 in
887 2085 1008 2141 fide,
1026 2085 1290 2137 Christum
1306 2102 1407 2155 pro
1431 2083 1611 2136 Meffia
1634 2082 1949 2155 agnoscunt,
1996 2087 1998 2089 ’

301 2171 456 2221 fateri
472 2183 657 2220 tamen
671 2181 784 2215 non
797 2160 995 2213 audent
1011 2194 1024 2216 ‚
1042 2177 1107 2210 ne
1134 2159 1409 2227 ejiciantur
1423 2175 1488 2209 ex
1501 2160 1788 2231 Synagog‘a.
1807 2155 1948 2213 infv,

306 2262 377 2296 22.
440 2247 785 2293 Peccatorem
822 2251 1017 2309 tamen!
1033 2232 1132 2284 ess'e
1148 2246 1347 2304 negant
1367 2249 1506 2286 eum,
1524 2248 1618 2300 per
1633 2248 1794 2301 quem
1807 2233 1954 2284 Deus

305 2319 417 2369 haec
431 2315 622 2373 Divina
636 2326 796 2380 opera
811 2308 995 2360 efficit'.
1049 2319 1124 2356 ’roa
1140 2309 1253 2356 ἆυπι
1266 2303 1461 2372 emis:
1486 2319 1575 2356 tot
1589 2303 1788 2355 scilicet
1803 2308 1853 2356 ὃς
1867 2305 1951 2354 t‘a-
1971 2302 1973 2304 ’

305 2391 369 2443 lia
386 2426 397 2443 ‚
437 2386 688 2441 videlicet
727 2381 902 2454 digito
918 2378 1163 2432 Deifafflt
1179 2413 1192 2434 ‚
1210 2384 1361 2430 Matt.
1380 2397 1437 2429 ιι.
1456 2376 1733 2434 salutifera,
1749 2392 1951 2429 narurae

303 2459 671 2534 hypossibiliffi
709 2473 821 2508 non
837 2453 1003 2525 qualia
1017 2451 1146 2504 facit
1161 2452 1416 2512 Diabolus
1429 2465 1520 2503 aut
1544 2449 1799 2506 venefici,
1826 2467 1952 2519 prae-

1863 2525 1951 2577 sti„
