2122 2911
708 149 765 210 C
858 151 917 214 A
1009 153 1068 215 P.
1158 151 1240 214 -I.
1574 223 1582 226 ,
1764 184 1827 236 9.

163 282 262 318 nec
277 264 352 317 est
366 269 672 320 communis
688 271 939 320 creaturis
989 269 1154 343 ‚Qasr
1173 273 1407 341 unigeniti
1423 271 1552 324 sicut
1568 275 1696 329 Phil.
1716 291 1756 329 2.
1770 278 1822 328 in

152 342 318 409 forma
331 341 421 391 Dei
438 343 489 393 ὅ(
506 337 586 410 effe
604 341 819 410 aequalem
837 344 947 400 Deo,
959 358 1021 393 ut
1039 344 1368 415 intelligatur.
1392 345 1504 396 haec
1530 346 1818 417 gloriaess'e

165 412 375 465 Christo
390 413 602 467 homini
617 414 919 466 communis
932 432 998 465 ex
1022 415 1223 467 unione
1248 433 1371 468 curn
1386 419 1521 471 Deo.
1538 424 1701 470 Gratea
1725 438 1821 471 au-

143 515 147 519 -
164 500 284 538 tem
298 489 349 538 &
363 487 569 542 veritas,
586 485 1116 556 respicit³sermonern
1131 489 1330 558 gratiae,
1349 507 1462 559 quae
1477 491 1655 543 exibat
1671 511 1735 543 ex
1750 512 1817 545 o-

166 573 225 608 re
239 564 370 627 ejus:
396 561 525 615 Luc,
542 581 589 617 4:
607 575 674 611 22.
703 576 817 629 quae
832 570 942 611 erat
956 559 1269 631 significatio
1285 565 1336 613 &
1351 563 1618 615 exhibitio
1634 565 1818 636 gratiae

166 630 288 686 Dei,
309 631 571 684 destinatae
597 632 953 688 credentibus,
979 650 1102 685 cum
1128 633 1545 702 promiffionum
1571 638 1814 689 veritate.

166 702 262 755 inf.
277 724 323 757 v.
338 714 415 757 ·16.
433 707 497 755 Et
512 703 622 757 haec
637 705 708 757 est
733 714 774 756 6.
791 705 949 759 Ratio
963 740 978 762 ‚
993 715 1012 769 (
1026 705 1306 775 desumpta
1319 707 1382 758 ab
1407 707 1596 761 officio
1624 709 1820 765 christi.

109 793 128 797 ⁶
166 791 226 828 ut
252 781 304 830 ὅ(
338 775 613 849 sequentes
630 799 639 829 :
660 789 677 838 )
705 780 937 847 probans
972 778 1237 830 Christum
1264 780 1364 831 ess'e
1383 780 1630 847 Meffiam·
1645 781 1815 832 filium

94 881 98 884 -
165 849 288 910 Dei3
315 851 435 920 quia
448 848 752 904 doetrina&
775 851 1038 914 miraculis
1061 866 1120 903 ac
1145 851 1575 921 praedistionibus
1590 853 1754 908 talem
1764 852 1816 908 se

159 920 446 979 declaravit
461 923 515 975 in
529 940 700 978 carne,
714 926 769 976 δι’
781 924 835 974 in
868 924 1272 978 converiatione
1287 925 1474 986 nostra.

237 1001 299 1050 V.
334 1014 386 1060 15·
477 992 680 1047 sadum.
699 1015 746 1049 7.
758 996 944 1050 Ratio:
961 995 990 1048 a
1003 997 1319 1049 testimonio
1335 999 1585 1050 Iohannis
1600 1033 1611 1054 ‚
1626 999 1821 1051 testan-

168 1069 240 1119 tis
254 1068 319 1120 de
335 1069 631 1122 aeternitate
647 1069 836 1120 Christi
851 1104 864 1125 ‚
883 1070 973 1141 qui
989 1073 1050 1121 cii
1064 1070 1181 1140 post
1196 1070 1496 1122 Iohannem
1523 1086 1818 1141 conceptus

166 1146 222 1194 ὅ(
235 1157 387 1193 natus
401 1142 529 1198 erat,
545 1158 728 1194 tamen
742 1141 940 1193 dicitur
953 1158 1076 1194 ante
1091 1142 1260 1212 ipsum
1274 1141 1438 1198 fuisse,
1454 1143 1584 1195 ficut
1600 1160 1722 1196 ante
1737 1148 1817 1196 A-

165 1212 497 1269 brahamum,
513 1213 648 1267 infra
663 1232 770 1284 cap.
789 1224 830 1270 8:
846 1224 908 1278 58.
928 1220 992 1267 Et
1007 1216 1124 1285 post
1137 1234 1261 1266 eum
1279 1216 1441 1268 etiam
1457 1214 1701 1268 futurum
1717 1215 1817 1268 du-

167 1288 375 1341 ratione
389 1286 587 1339 scilicet
601 1303 874 1358 perpetua.
889 1292 1064 1359 Apoc.
1080 1305 1113 1341 1:
1130 1300 1171 1346 8.
1185 1288 1305 1363 Q?
1328 1287 1408 1358 est,
1426 1293 1639 1358 quierat,
1665 1289 1721 1349 εἴ
1732 1291 1818 1360 qui

166 1375 392 1411 venturus
406 1360 488 1431 est,
507 1374 808 1428 ommpotens.
882 1408 886 1410 .

177 1442 185 1450 ’
242 1440 307 1487 V.
339 1443 398 1483 16.
477 1432 694 1512 52347533.
712 1434 889 1490 Ratio,
906 1436 1027 1506 quia
1038 1432 1142 1505 ipse
1157 1437 1313 1490 nobis
1327 1435 1399 1488 est
1413 1436 1555 1487 causa
1569 1441 1620 1489 &
1633 1434 1822 1506 princi-

169 1508 319 1579 pium
333 1506 514 1578 gratiae
528 1525 586 1558 ac
601 1508 1053 1561 reconciliationis
1068 1527 1190 1561 cum
1206 1514 1326 1562 Deo
1343 1531 1357 1572 5
1373 1512 1495 1560 Deus
1513 1515 1639 1560 enim
1664 1522 1764 1577 eras
1775 1511 1826 1558 in

170 1582 369 1646 Christe,
389 1583 613 1630 mundum
633 1581 1035 1649 reconciltkmsfi'bt'.
1053 1600 1091 1630 2.
1111 1600 1219 1634 cor.
1249 1601 1281 1643 5:
1298 1601 1358 1641 19.
1386 1587 1449 1633 Et
1466 1599 1530 1632 ex
1543 1582 1711 1654 gratia
1725 1581 1822 1631 hac

171 1653 359 1707 meriti
373 1670 430 1703 ac
443 1653 913 1708 reconciliationiS,
930 1669 1031 1722 qua
1046 1650 1149 1719 ipse
1165 1650 1520 1706 abundat,nos
1535 1654 1699 1704 etiam
1713 1668 1823 1720 par-

171 1728 361 1796 ticipes
373 1724 506 1781 fasti,
532 1730 651 1777 Deo
666 1725 997 1778 reconciliati
1010 1724 1195 1791 sumu&
1230 1728 1381 1774 Patet
1397 1723 1507 1773 haec
1522 1726 1692 1792 gratia
1704 1721 1824 1794 uni-

174 1798 377 1854 versalis
392 1820 405 1859 3
434 1817 549 1850 non
563 1798 616 1848 in
631 1797 769 1850 solos
785 1797 991 1852 destos,
1006 1795 1109 1848 sed'
1124 1795 1320 1848 sufficit
1347 1795 1404 1845 in
1430 1811 1619 1856 omnes
1646 1794 1825 1844 homi*

173 1877 338 1929 nefa&
352 1873 414 1924 ab
422 1871 600 1926 undat,
616 1870 743 1921 sicut
759 1869 992 1939 pluribus
1006 1868 1336 1921 demonstrat
1352 1867 1531 1918 Paulus
1545 1870 1706 1917 Rom.
1723 1882 1755 1929 5:
1773 1882 1826 1928 ις.

174 1945 358 2000 Gratia
375 1945 538 2016 igitur
565 1962 664 2014 qua
690 1943 936 1997 Christus,
954 1943 1092 2013 patri
1118 1940 1334 1993 dileclris
1361 1939 1432 1990 est
1456 1957 1549 2009 per
1565 1953 1826 1991 naturam>

173 2018 319 2072 causa
332 2017 404 2068 est
426 2034 519 2086 per
535 2034 692 2087 quam
707 2021 758 2068 δε
773 2034 871 2067 nos
887 2014 1062 2068 dilecti
1089 2014 1364 2066 reddimur
1381 2034 1391 2063 z
1408 2013 1535 2082 Eph.
1551 2027 1591 2061 2:
1608 2029 1642 2075 5.

246 2099 310 2147 V.
325 2117 337 2149 1
352 2106 414 2153 ¹7·
490 2083 569 2148 όἿι
584 2088 602 2138 ὁ
616 2088 808 2155 Νὸμῷη.
827 2088 1195 2158 Amplificatio
1210 2088 1360 2154 hujus
1376 2084 1510 2138 doni
1523 2083 1704 2156 gratiae
1733 2101 1827 2152 per

175 2162 441 2219 Christum
457 2195 470 2216 ,
485 2174 551 2211 ex
564 2162 850 2213 collatione
863 2178 988 2211 curn
1003 2160 1167 2216 Mose,
1184 2177 1276 2228 per
1292 2176 1453 2230 quem
1475 2160 1591 2209 Lex
1605 2156 1676 2206 est
1690 2155 1824 2210 data,

170 2258 292 2311 ,φη
325 2237 456 2286 iram
478 2249 757 2302 operatur,
781 2251 881 2292 nec
906 2234 1084 2303 potest
1118 2234 1365 2290 homines
1392 2230 1579 2284 salvare
1607 2250 1620 2289 ;
1647 2227 1760 2280 Gal.
1787 2246 1825 2291 3.

166 2311 406 2365 Christus
419 2306 546 2360 vero
559 2306 713 2358 nobis
725 2305 1063 2360 voluntatem
1076 2306 1239 2376 patris
1253 2304 1518 2358 revelavit,
1534 2306 1585 2354 ὅ(
1598 2300 1827 2374 gratiam

176 2380 494 2452 promeruit,
511 2373 586 2430 ita
597 2393 657 2429 ut
673 2383 723 2430 ὅ(
737 2395 835 2429 nos
848 2379 1125 2448 peripsum
1138 2379 1196 2435 in
1208 2395 1326 2429 eam
1338 2376 1584 2452 gratiam,
1600 2379 1652 2430 ὅ(
1666 2378 1744 2444 jus
1759 2370 1827 2448 fi⁴

169 2456 371 2519 horum
384 2452 535 2506 sunus
550 2448 807 2520 adoptati.
831 2454 977 2528 Rotn
989 2458 1039 2529 ξς
1245 2453 1288 2507 Β
1353 2451 1356 2452 ’
1678 2449 1742 2518 V·
1756 2451 1829 2517 ¹8:

4 242 25 269 Ο
