2091 2911
294 172 432 251 ‘fiz-
942 161 1236 252 Evangel.
1261 143 1474 241 johan.

305 283 713 345 conversatione
745 284 851 349 ejus
875 283 929 335 '&
954 278 1293 333 familiarium
1321 280 1658 333 credentium
1674 315 1687 335 ,
1705 280 1876 350 plures
1900 275 1968 330 ad

307 361 577 415 Christum
606 371 996 414 convertantur
1022 376 1035 407 t
1077 354 1198 406 talia
1235 355 1352 406 sunt
1391 353 1522 408 facta
1545 355 1913 408 recedentium
1939 350 1968 404 a

307 440 431 489 Deo
447 440 498 489 ὅ(
512 435 679 490 verbo
695 437 800 500 ejus
816 467 827 486 ,
845 447 979 501 quos
995 433 1137 481 Deus
1163 427 1396 482 deserit).

345 536 348 540 ·
379 515 445 564 V.
475 529 536 562 η,
617 508 679 571 τῆ
704 503 935 567 ἐπαύριον.
965 506 1029 555 ΙΙ.
1048 508 1164 554 Pars
1179 519 1286 573 cap.
1305 502 1370 555 de
1386 502 1613 574 ingreffu
1628 500 1818 554 Christi
1832 503 1973 562 Iero-

309 582 570 654 solymam
587 616 601 639 ,
617 581 672 634 in
699 580 783 632 die
811 577 1104 648 palmarum
1121 610 1133 631 ‚
1154 594 1277 628 cum
1304 577 1459 646 paulo
1487 576 1602 646 post
1619 577 1760 629 cruci
1784 575 1972 627 affixus

309 656 539 719 est5e-rat
554 658 661 709 hoc
675 653 859 725 pascha
884 650 1138 702 ultimum
1164 650 1434 717 ministerij
1463 650 1653 701 Christi
1679 672 1689 701 :
1717 648 1972 721 ingress'us

271 788 281 791 χ
313 731 388 784 est
399 745 601 786 autem,
617 728 758 780 haud
771 726 1033 797 ignorans
1050 723 1345 791 passionem
1361 723 1681 794 quaeincidit
1697 759 1711 780 ‚
1742 740 1901 794 quam
1915 740 1972 774 e-

314 805 451 857 tiam
475 837 488 859 ‚
528 820 651 859 cum
677 797 1010 851 ascenderet,
1037 794 1300 865 discipulis
1336 797 1615 866 explicuit:
1655 800 1784 849 Luc.
1818 792 1880 854 18:
1907 815 1970 862 31.
2007 832 2013 833 ff

313 880 470 931 Matt.
489 887 558 931 26:
575 896 610 941 3.
692 873 909 926 Poste-ro
925 869 1037 925 die,
1062 867 1278 926 scilicet,
1295 869 1411 940 post
1437 871 1760 923 celebratum
1788 870 1843 923 in
1869 874 1971 923 Be-

315 952 498 1004 thania
511 947 849 1006 convivium3
878 945 1152 1015 praecurrit
1178 942 1233 994 in
1258 946 1447 996 urbem
1472 942 1609 994 fama
1633 943 1972 997 adventantis

322 1024 543 1079 christi,
570 1041 694 1075 cum
725 1019 997 1073 comitatu
1009 1015 1417 1087 discipulorum.
1499 1021 1617 1069 Erat
1644 1033 1764 1068 tum
1790 1017 1971 1074 civitas

316 1096 613 1169 peregrinis
628 1094 937 1148 hominibus
951 1090 1236 1160 completa,
1253 1091 1694 1145 concurrentibus
1709 1110 1773 1142 ex
1788 1091 1970 1145 omni-

318 1172 418 1224 bus
429 1170 669 1242 partibus
684 1167 904 1221 Galilaeae
920 1170 971 1218 &
987 1164 1187 1226 Iudaeae,
1203 1179 1262 1215 ut
1278 1163 1389 1215 fieri
1405 1163 1553 1219 solet,
1570 1183 1768 1236 magno
1785 1182 1972 1216 nume-

318 1262 400 1298 ro.
480 1247 543 1295 In
558 1243 636 1294 his
651 1257 761 1294 erat
781 1255 971 1310 magna
988 1238 1602 1308 multitudoeorumffiqui
1614 1238 1865 1292 viderunt
1878 1237 1974 1290 mi-

318 1315 488 1372 racula
504 1321 552 1369 ὅ(
569 1315 866 1369 docentem
880 1310 1197 1364 audiverunt
1214 1334 1226 1374 3
1242 1311 1450 1364 accessit
1467 1310 1674 1381 insuper
1689 1310 1973 1365 famaexci-

319 1393 421 1446 tati
435 1389 619 1444 Lazari
636 1390 690 1442 in
704 1384 987 1440 Bethania,
1013 1385 1200 1454 quibus
1227 1385 1477 1438 omnibus
1501 1384 1716 1454 persvafi
1739 1383 1976 1440 credide·
2019 1386 2024 1387 ⁷

320 1481 446 1518 runt
466 1464 635 1535 ipsum
650 1463 750 1517 effe
764 1456 1016 1513 Meffiam‚
1031 1457 1279 1528 ficutsup.
1297 1476 1405 1528 cap.
1423 1470 1465 1511 6:
1485 1477 1558 1522 14.
1595 1516 1597 1518 .
1758 1524 1761 1525 ⁷
1856 1500 1860 1503 -

392 1544 457 1595 V.
489 1558 546 1603 13.
590 1530 785 1597 ἔλαβον.
814 1530 1184 1603 Populusitaq;
1201 1531 1369 1584 fidelis
1384 1532 1666 1585 concurrit
1680 1532 1738 1584 in
1754 1530 1973 1586 occurffi

321 1613 531 1669 Christi,
550 1627 607 1663 ut
622 1610 790 1681 ipsum
803 1623 903 1677 pro
922 1622 1052 1659 vero
1067 1603 1245 1659 Meffia
1268 1605 1598 1659 introducat.
1677 1594 1971 1658 Pr-aeferunt
2007 1653 2011 1658 ,
2087 1639 2091 1642 «

321 1705 499 1740 ramos
512 1686 803 1756 palmarum
817 1716 829 1736 ‚
849 1678 996 1751 quod
1010 1679 1264 1733 Romanis
1277 1678 1436 1751 alijsss
1453 1678 1659 1750 populis
1677 1692 1789 1735 erat
1802 1679 1979 1739 vistot

321 1763 410 1819 riae
424 1761 660 1834 fignum3
686 1754 991 1809 Plutarchus
1016 1753 1072 1804 in
1095 1755 1205 1809 vita
1230 1753 1435 1806 Caesaris
1460 1752 1591 1806 dicit
1606 1753 1835 1823 palmam
1849 1769 1974 1805 ena·
2021 1765 2026 1769 ·

318 1850 438 1889 tam
462 1833 528 1887 ad
551 1833 772 1885 statuam
799 1833 921 1897 ejus,
949 1845 1064 1899 quae
1095 1827 1187 1897 ips1
1199 1825 1554 1897 portenderet
1578 1827 1878 1881 victoriam:
1905 1830 1983 1879 ΕτΧ

323 1908 616 1982 Apocalyp.
634 1923 676 1961 7:
692 1929 732 1968 9-
752 1903 949 1956 dicitur
964 1900 1263 1952 multitudo
1278 1901 1727 1969 triumphantium
1742 1900 1797 1952 in
1812 1899 1973 1956 coelis,

319 1983 544 2039 tenuisse
558 1980 750 2052 palmas
764 1979 820 2030 in
834 1976 1082 2028 manibus
1099 1973 1196 2026 suis
1214 2008 1227 2029 ‚
1244 1989 1520 2026 cantantes
1543 1973 1769 2045 gloriam
1786 1977 1904 2026 Deo
1920 1977 1974 2026 ὃς

318 2063 366 2111 A
373 2077 483 2131 gno
499 2056 699 2110 victori.
778 2048 987 2113 Qibus
998 2047 1168 2101 fidelis
1193 2048 1417 2118 populus
1446 2047 1736 2120 gratulatur
1759 2045 1974 2102 victori-

319 2150 406 2185 am
420 2129 647 2191 Christo,
661 2127 749 2199 qui
765 2125 1001 2197 superata
1016 2121 1210 2178 invidia
1225 2120 1596 2174 Pharisaeorum
1611 2121 1975 2177 inimicorum,

317 2224 458 2259 nunc
474 2203 635 2256 atota
653 2197 1009 2255 multitudine
1036 2214 1135 2268 pro
1162 2194 1342 2248 Messia
1369 2194 1671 2267 agnoscitur
1696 2191 1975 2263 ac'recipi-

319 2293 426 2331 tur.
503 2277 696 2329 Matth.
715 2274 846 2327 dicit
864 2271 1069 2340 insuper
1085 2268 1267 2322 straviss
1277 2270 1410 2321 'ceos
1426 2268 1562 2322 viam
1577 2268 1733 2319 ramis
1747 2287 1804 2319 ae
1831 2265 1976 2320 fron-

315 2352 479 2419 -3dibus
498 2368 561 2400 ex
585 2348 876 2402 arboribus,
890 2363 950 2397 ac
961 2342 1288 2398 vestimentis
1302 2377 1316 2397 ‚
1334 2342 1462 2393 ficut
1480 2343 1534 2393 in
1559 2358 1759 2412 pompa
1779 2340 1974 2410 &pro-

319 2424 542 2479 cestibus
556 2438 873 2495 magnorum
905 2418 1231 2491 principum,
1269 2415 1398 2487 saepe
1422 2418 1502 2475 via
1515 2431 1695 2488 panno
1708 2414 1974 2481 strenitur,

1877 2487 1959 2539 Sic
