2091 2911
226 124 235 131 N
264 97 273 126 Ι

284 176 401 235 153,
933 129 1229 237 Evangel.
1252 144 1469 226 johan:

293 277 525 334 sentium
538 269 838 326 amicorum
853 268 1273 340 exKIerosolyma,
1287 268 1515 338 propter
1526 265 1883 326 vicinitatem,
1899 269 1954 322 δε

289 364 518 429 propter
555 344 927 399 celebritatem
957 341 1168 395 familiae
1192 357 1253 394 ut
1267 342 1470 395 dictum
1494 341 1597 404 est,
1622 342 1792 417 fieric'15
1817 342 1954 398 solet

294 421 691 484 decedentibus
707 418 1151 485 honoratioribus
1163 416 1387 468 amicis).
1470 430 1472 432 ·

369 504 434 555 V.
467 516 546 550 20.
588 504 590 506 ’
623 490 794 569 Μοῖρα.
818 511 872 566 53.
911 490 1190 546 Salvatoris
1215 489 1510 544 adventum
1536 490 1744 543 Martha
1780 490 1952 562 prima
1973 546 1989 553 A

298 570 577 644 intelligit,
594 566 695 638 eiC¹13
714 566 936 621 obvium
953 563 1228 635 procedit)
1283 565 1296 574 ”
1960 558 1968 565 ‘

363 654 429 701 V.
473 664 538 701 21.
620 640 753 693 timu:
782 660 829 706 4.
856 638 1204 709 Colloquium
1220 635 1455 688 mulieris
1482 655 1605 691 curn
1631 639 1842 692 Christo
1862 637 1954 691 -de-

289 720 553 779 scribitur:
570 717 660 769 ubi
676 716 913 786 primum
928 712 1277 781 conqueritur
1292 710 1356 761 de
1373 711 1605 783 absentia
1618 714 1825 766 Christi.
1848 717 1954 784 Ap-

291 808 481 869 parent
496 793 554 846 in
567 791 647 842 his
662 787 834 843 verbis
849 804 982 839 verae
996 784 1119 836 fidei
1135 784 1293 856 figna,
1311 783 1542 837 credidit
1569 788 1718 838 enim
1743 788 1950 839 Martha

290 873 422 927 ficut
437 867 600 919 etiam
621 863 799 918 Maria,
827 857 922 913 inf.
938 879 982 914 v.
1000 878 1064 924 32,
1122 857 1389 909 Christum
1414 860 1643 927 potuiss'e
1668 860 1951 923 [anitatem
2029 880 2040 885 ²

292 929 581 1017 “egrotanti
597 935 840 990 reddere,
857 933 892 985 fi
906 932 1124 1004 praesens
1140 931 1316 984 fuiffet
1332 952 1346 992 ;
1362 931 1430 982 fic
1454 933 1688 1004 ‘Regulus
1702 934 1950 992 credidit,

292 1020 400 1091 sup.
418 1033 462 1068 e.
481 1034 529 1080 4:
546 1031 624 1077 49.
650 1009 919 1063 Continet
934 1007 1026 1075 hic
1043 1005 1218 1059 sermo
1244 1004 1489 1056 mulieris
1517 1006 1737 1060 tacitam
1764 1009 1952 1079 quaeri-

293 1089 538 1149 moniam
553 1086 618 1139 de
634 1086 886 1137 diuturna
899 1098 1052 1133 mora
1067 1080 1287 1135 Christi',
1303 1079 1393 1150 qui
1417 1095 1644 1150 accepto
1669 1081 1868 1134 nuncio
1885 1081 1953 1135 de

294 1163 611 1223 infirmitate
626 1157 841 1213 Lazari,
856 1173 971 1208 non
986 1153 1238 1226 evestigio
1254 1154 1555 1224 comparuit
1570 1187 1584 1210 ‚
1601 1156 1750 1226 quod
1775 1157 1953 1227 requi..

300 1236 700 1296 rerevidebatur
715 1229 1048 1283 neceffitudo
1066 1232 1117 1280 ὃς
1131 1228 1366 1279 amicitia
1380 1227 1581 1281 summa
1595 1242 1717 1282 cum
1732 1233 1962 1295 Lazaro..

364 1318 428 1368 V.
481 1329 550 1365 ιι.
614 1307 756 1359 'Amol
771 1305 821 1384 g.
864 1302 1274 1357 Correstionem
1286 1300 1507 1355 adhibet
1521 1305 1746 1359 Martha,
1771 1322 1831 1355 ac
1857 1322 1950 1357 ro-

292 1391 394 1445 bur
409 1383 540 1438 fidei
553 1381 740 1435 exerit,
754 1375 982 1448 ereditc‘p
998 1379 1143 1446 posse
1157 1375 1422 1428 Christum
1438 1377 1679 1445 precibus
1693 1377 1758 1429 ad
1773 1383 1950 1432 Deum

292 1461 647 1519 obtinere,ut
663 1455 773 1508 vita
800 1449 1056 1503 reddatur
1080 1454 1311 1506 Lazaro,
1339 1451 1679 1521 quantumvis
1703 1451 1948 1505 videatur

292 1540 402 1592 hoc
430 1530 718 1608 negocium
749 1524 1084 1595 impossibile.
1176 1522 1410 1594 Respicit
1436 1524 1525 1576 hic
1550 1524 1739 1577 dolore
1765 1523 1949 1578 affersta

291 1609 516 1665 foemina
538 1641 554 1664 ,
577 1603 645 1656 ad
669 1601 847 1674 priora
863 1598 1111 1651 miracula
1136 1598 1345 1653 Christi,
1362 1597 1596 1651 multa&
1622 1601 1828 1670 magna,
1855 1600 1947 1652 ubi

293 1700 418 1739 ante
456 1678 832 1753 operationem
870 1674 1108 1727 Salvator
1133 1672 1189 1723 in
1205 1673 1401 1725 coelum
1431 1671 1641 1741 suspicit
1666 1707 1680 1728 ‚
1718 1674 1953 1744 ingemi-

291 1760 388 1812 scit
416 1791 430 1812 ,
456 1768 575 1808 orat
595 1788 609 1809 ,
645 1749 826 1822 aliosq;
865 1747 1034 1820 gestus
1071 1746 1357 1817 praemittit
1396 1767 1407 1798 ε
1460 1745 1592 1797 ficut
1619 1746 1674 1798 in
1701 1761 1861 1800 muto
1891 1752 1945 1802 ὅ(

292 1830 467 1889 surdo.
499 1835 628 1881 Mar.
655 1847 711 1890 72-
728 1843 791 1889 32.
876 1820 1013 1891 Ness
1030 1836 1140 1872 erat
1158 1818 1276 1869 satis
1290 1818 1462 1871 adhuc
1488 1818 1674 1872 edocta
1686 1837 1751 1871 an
1765 1821 1944 1873 omnis

234 1907 236 1909 ’
290 1901 576 1979 plenitudo
601 1896 913 1953 Divinitatis
939 1895 997 1946 in
1011 1893 1219 1946 Christo
1238 1893 1455 1945 habitet
1470 1914 1486 1955 3
1514 1894 1750 1964 quamvis
1775 1894 1944 1947 filium

291 1981 396 2037 Dei
414 1995 537 2032 eum
551 1975 651 2028 ess'e
677 1971 904 2022 fateatur
920 2002 935 2025 ‚
959 1972 1009 2020 &
1039 1966 1304 2020 Messiam:
1331 1988 1377 2022 v.
1393 1986 1466 2031 27.
1542 1967 1792 2039 Ambigit
1808 1968 1945 2020 anin

294 2051 460 2122 seipso
477 2048 795 2121 potestatem
812 2044 1015 2098 habeat,
1030 2060 1098 2093 an
1108 2040 1236 2095 vero
1252 2039 1280 2092 a
1292 2056 1440 2111 patre
1457 2041 1731 2111 impetret,
1748 2056 1808 2092 ut
1823 2045 1945 2094 Pro-

292 2129 485 2200 phetae.
560 2119 880 2190 Simplicitas
894 2115 966 2167 est
981 2117 1090 2168 haec
1105 2119 1155 2167 ὅ(
1170 2114 1491 2186 ignorantia,
1508 2115 1563 2164 in
1588 2113 1809 2166 muliere
1824 2148 1837 2170 ‚
1853 2116 1949 2168 ho-

291 2219 412 2254 rum
428 2194 795 2263 mysteriorum
809 2208 922 2244 non
938 2189 1044 2261 ust⁸13
1059 2188 1193 2242 adeo
1211 2205 1411 2258 capace,
1427 2206 1539 2261 quae
1553 2188 1615 2239 fit
1632 2188 1769 2240 ratio
1787 2203 1945 2240 natu-

294 2291 469 2329 rarum
485 2276 536 2322 ὃς
549 2267 785 2340 personae
799 2263 1002 2317 Christi.
1083 2263 1165 2313 Sic
1181 2267 1415 2314 Naaman
1429 2266 1581 2332 Syrus
1598 2277 1749 2331 putat
1765 2261 1962 2314 effica...

294 2364 414 2401 cern
431 2346 545 2394 fore
561 2340 932 2411 operationem
950 2335 1126 2391 multi,
1144 2335 1179 2387 sl
1195 2337 1462 2405 Propheta
1474 2335 1579 2406 ipse
1594 2334 1812 2404 praesens
1825 2337 1942 2389 Deci

293 2420 442 2478 lii-um
460 2413 766 2471 invocaffet,
781 2412 962 2466 locum
975 2410 1117 2484 lepra
1131 2407 1325 2465 infesta
1338 2410 1438 2463 teti
1441 2410 1614 2483 giss'et3
1630 2429 1678 2476 4.
1695 2413 1823 2481 Reg.
1841 2426 1939 2472 5:11,

1782 2486 1843 2537 V.
1872 2501 1936 2551 23.
