2008 2911
603 140 658 204 C
687 196 696 207 ,
748 142 807 205 A
897 143 957 205 P.
1110 142 1262 207 XIX.
1692 158 1832 243 2532

174 259 226 310 ὃ(
241 257 296 309 in
310 257 426 311 viro
440 257 677 326 principe
691 276 801 309 rara
819 282 827 310 :
856 264 907 312 δ(
922 278 988 312 ne
1005 279 1284 331 peccatum
1299 268 1673 322 committeret
1689 277 1822 328 con-

166 344 251 380 tra
276 329 655 384 conscientiam
681 354 695 393 3
724 331 959 404 quamvis
987 351 1269 406 peccatum
1306 339 1628 395 Pontificum
1657 333 1821 412 majus

166 403 310 456 esset,
365 406 477 475 Nt'q}
497 407 620 453 enim
626 420 866 475 propterea
877 406 958 455 hoc
971 409 1148 458 nudum
1165 409 1227 472 est
1244 416 1355 481 quia
1371 413 1482 462 illud
1492 420 1638 481 majm
1649 418 1735 472 est»
1745 421 1787 469 ai
1796 435 1819 470 t

165 476 463 549 Augustiana,
483 483 532 526 in
547 477 673 526 hunc
686 480 850 530 locum.
903 478 1189 533 Pontifices
1205 483 1324 553 quia
1339 484 1526 537 vident
1541 489 1816 542 Praefidcm

164 567 283 602 non
298 551 434 601 tanti
452 548 620 601 facere
635 549 965 619 blasphemiae
980 553 1311 610 calumniam,
1328 562 1379 608 ὅ(
1394 558 1664 628 religionis
1680 580 1818 621 cone

164 623 492 678 troversiam,
531 624 770 694 eorumdp
784 625 943 696 leges,
959 641 1019 677 ut
1034 643 1098 676 ex
1112 627 1601 683 hoc-fundamento
1639 625 1823 686 Iesum'>

165 711 412 765 extremo
428 695 682 765 supplicio
697 696 1039 750 afficiendum
1065 714 1249 767 putet:
1268 717 1325 752 ac
1343 702 1508 773 magis
1535 722 1692 773 quam
1716 723 1811 760 an-

159 781 264 823 tea,
281 767 346 819 de
363 768 640 820 dimisione
668 775 771 837 ejus
786 771 1022 823 laborare
1036 775 1139 839 jam
1156 772 1372 842 incipiat
1389 795 1401 834 3
1430 793 1683 844 repetunt
1710 779 1807 846 pri-

158 861 194 895 o
205 837 259 893 re
270 839 502 893 affectati
519 844 690 914 Regni
708 849 759 895 ὃς
773 843 1152 912 preduelliouis
1166 845 1483 899 calumniam
1500 882 1513 904 ,
1529 848 1564 899 si
1579 849 1678 907 illa,
1695 851 1809 902 reli-

154 915 333 988 gionis
348 913 504 969 causa,
522 934 633 968 non
651 915 877 968 sufficiat
891 917 956 969 ad
970 917 1164 969 mortis
1178 917 1451 988 suplicium
1468 939 1533 971 ex
1546 920 1808 975 sententia

154 989 324 1043 Pilati,
339 987 564 1040 sufficiet
580 991 706 1045 haec,
726 1008 838 1060 quae
853 989 1058 1042 Caesaris
1077 994 1128 1042 ὃς
1141 992 1324 1061 populi
1340 994 1568 1044 Romani
1584 996 1807 1063 Majesta-

149 1061 444 1119 ‚temlaedm
523 1063 749 1134 Oblique
776 1064 937 1114 etiam
972 1063 1195 1114 Pilatum
1228 1064 1485 1119 accusant,
1503 1067 1651 1135 quod
1678 1085 1804 1124 cum

153 1136 346 1199 habeat
372 1134 642 1204 captivum
667 1153 814 1188 reum
830 1170 843 1192 ‚
860 1133 1166 1188 seditiosum
1179 1136 1416 1190 adversus
1430 1138 1699 1194 Caesarem,
1717 1158 1802 1194 re-

152 1227 321 1284 gnum
336 1209 390 1258 in
404 1205 578 1273 Judaea
602 1209 939 1262 affectantem
956 1244 968 1264 ,
984 1225 1044 1260 ut
1069 1208 1401 1278 provinciam
1426 1215 1802 1267 Romanorum

154 1282 403 1338 dominio
420 1281 632 1351 eripiat:
661 1299 842 1337 tamen
857 1283 1197 1335 convinctum
1212 1287 1262 1334 &
1280 1281 1590 1353 damnatum
1604 1283 1799 1353 suppli-

152 1351 365 1413 ‚cionon
378 1354 563 1410 afficit,
578 1355 666 1419 sed
684 1356 960 1412 dimittere
976 1354 1252 1408 constituit
1271 1376 1282 1415 3
1308 1370 1486 1423 aparet
1511 1355 1638 1426 itass
1665 1358 1798 1411 Pila-

151 1449 272 1484 tum
299 1426 423 1481 rem
449 1426 651 1481 Caesaris
676 1450 789 1482 non
813 1427 1042 1481 fideliter
1060 1445 1244 1499 agere,
1270 1428 1359 1487 sed
1384 1427 1653 1487 colludere
1669 1448 1795 1487 cum

151 1498 278 1573 reip.
307 1508 357 1555 &
388 1495 728 1570 Imperatoris
755 1504 915 1554 hoste.
998 1500 1269 1553 Calumnia
1304 1501 1414 1552 haec
1449 1501 1522 1553 est
1554 1501 1796 1557 adversus

151 1574 472 1631 Christianos
493 1574 652 1626 etiam
669 1574 937 1646 frequens:
967 1573 1097 1625 ficut
1124 1592 1188 1625 ex
1212 1573 1426 1625 historia
1453 1573 1793 1638 Ecclesiastica

150 1630 347 1706 notfiin
364 1649 448 1702 est.
519 1650 883 1700 Sacrificabant
898 1647 1054 1699 idolis
1067 1647 1296 1699 Romani
1311 1651 1362 1699 ὅ(
1377 1648 1601 1700 orabant
1614 1666 1716 1717 pro
1728 1650 1796 1701 sa.

148 1728 262 1779 lute
300 1729 691 1793 Imperatorum
719 1756 732 1778 >
760 1722 1200 1792 persequutorum
1225 1718 1485 1781 Ecclesiae3
1513 1721 1792 1782 Christiani

151 1817 275 1853 cum
290 1799 394 1860 hoc
409 1795 578 1848 modo
594 1794 874 1847 sacrificare
901 1793 1058 1846 idolis
1083 1791 1426 1857 nonvellerm
1451 1795 1792 1862 rapiebantur

148 1874 218 1926 ad
229 1862 496 1941 iupplicia,
513 1868 650 1939 quast
666 1868 885 1924 inimici,
902 1866 1317 1935 Imperatoribus
1342 1865 1482 1918 haud
1495 1866 1673 1918 fideles
1688 1889 1702 1928 3
1728 1882 1792 1921 ut

146 1946 390 2004 referunt
406 1941 752 1996 Tertullianus
769 1947 817 1995 δε
833 1938 1091 1995 Eusebius.
1169 1944 1290 1993 Haec
1305 1937 1562 1991 accusatio
1589 1939 1625 1990 si
1649 1958 1789 2000 vera,

68 2010 71 2012 ,
124 2044 134 2047 >
146 2021 340 2078 fuisset,
356 2015 490 2087 utiq'3
505 2017 560 2067 in
577 2015 793 2072 consilio
811 2016 1133 2069 Pontificum
1146 2011 1324 2066 fuisset
1341 2012 1618 2065 damnatus
1634 2015 1706 2066 ob
1731 2034 1788 2067 e-

143 2096 356 2157 andem,
377 2108 533 2162 quam
548 2082 728 2142 tamen
741 2091 814 2142 ibi
828 2110 939 2143 non
954 2090 1245 2159 attingunt,
1263 2086 1448 2137 Pilatus
1462 2086 1624 2137 etiam
1639 2103 1790 2143 reum

146 2170 331 2222 abhoc
346 2163 569 2228 crimine,
586 2165 763 2232 [aepius
777 2170 879 2232 jam
892 2162 1129 2216 absolvit,
1156 2179 1279 2212 cum
1301 2160 1492 2210 nullam
1519 2158 1788 2215 rationem

147 2242 369 2297 afferant
384 2240 580 2304 adfores
595 2236 695 2308 qua
710 2237 876 2289 Iesum
901 2237 1185 2306 astringant
1210 2248 1299 2285 aut
1326 2233 1666 2290 convincant;
1701 2252 1787 2286 ca-

148 2312 348 2371 lamnia
391 2311 462 2377 est
496 2310 510 2360 i
515 2310 592 2382 git
602 2327 675 2363 ur.
767 2310 891 2360 Filat
901 2328 955 2360 us
1003 2325 1185 2359 tamen
1210 2377 1214 2382 Ι
1235 2306 1354 2376 quia
1388 2308 1557 2374 probe
1591 2308 1747 2360 novit
1769 2345 1787 2367 ‚

146 2403 407 2464 quantum
420 2383 584 2440 valeat
598 2382 738 2454 apud
749 2389 833 2436 Ma
835 2399 1019 2456 gnates
1033 2378 1465 2458 calumnia,rninis
1477 2381 1501 2443 J
1511 2376 1787 2435 udaeorum

988 2477 993 2481 ·
1674 2466 1782 2506 tet=
