2122 2911
686 149 738 214 c
830 150 890 214 A
977 149 1038 214 P.
1185 147 1234 214 1.
1737 155 1817 248 13·

175 269 428 322 rebantur
454 289 465 320 ε
490 265 834 321 verumclara
859 266 1194 338 responsione
1221 266 1513 323 ostenderit
1544 271 1657 342 quis
1674 272 1737 338 sit
1761 279 1818 332 δε

172 342 322 412 quod
336 348 440 411 ejus
455 341 714 394 officium.

246 421 308 468 V.
350 434 416 467 zz.
500 412 623 466 εἴων.
644 412 780 480 Qia
794 414 970 483 priora
984 414 1167 466 omnia
1191 416 1256 468 de
1270 413 1320 468 se
1335 418 1548 491 negavit
1563 418 1819 491 Baptistaj'

175 485 305 558 itac'fi
321 487 593 558 propriam
607 491 712 556 ejus
727 486 793 539 de
816 485 981 557 seipso
1008 487 1329 543 sententiam
1356 493 1663 564 exposcunt.
1713 497 1836 550 Re-·

177 560 407 631 spondet
420 561 548 614 vero
567 560 616 611 se
642 560 743 611 effe
769 578 895 613 eum
914 558 980 611 de
1007 578 1116 632 quo
1142 563 1458 617 vaticinatur
1484 565 1585 619 Esa.
1604 584 1712 637 cap.
1728 585 1821 633 40:

175 654 212 700 3.
229 633 603 705 praecursorem
618 633 827 690 Messiae,
843 633 933 704 qui
947 650 1093 704 parat
1106 636 1247 689 viam
1259 639 1520 693 Domino.
1564 640 1645 692 Est
1657 641 1823 712 igitur

179 709 309 761 Elias
325 708 412 759 iste
428 707 494 760 de
520 726 628 778 quo
653 706 898 778 praedixit
924 707 1141 762 Malach.
1187 715 1332 780 cujus
1356 712 1500 765 idem
1524 712 1672 767 foret
1696 713 1823 766 offi-

182 783 324 833 cium
330 802 344 843 3
358 783 618 851 probatur
632 800 697 833 ex
711 781 1064 850 explicatione
1081 784 1287 842 Christi,
1305 791 1458 839 Matt.
1480 805 1621 840 17:12.
1635 786 1823 841 Maluit

178 856 308 917 vero
323 855 551 924 Baptista
563 853 903 927 acquiescere,
930 855 987 906 in
1009 857 1183 910 verbis
1210 858 1360 911 Esaiae
1384 878 1542 931 quam
1568 861 1652 912 illa
1673 861 1825 913 Mala„

181 929 312 980 chiae
324 927 604 984 adducere,
633 947 699 979 ne
718 929 772 978 in
787 929 1023 981 nominis
1039 929 1173 987 illive,
1189 933 1539 1005 ambiguitate
1567 950 1825 987 errarent.

180 1005 380 1054 Harum
395 1002 900 1066 circumstantiarum
920 1002 1144 1076 diligens
1158 1005 1457 1060 observatio
1476 1008 1697 1060 mirifice
1713 1026 1826 1062 am-⁴

183 1075 380 1145 plificat
396 1075 826 1128 testificationem
844 1077 1258 1148 Iohannis,cujus
1272 1098 1463 1154 magna
1474 1083 1549 1135 vis
1563 1083 1712 1135 estad
1725 1102 1830 1135 cer-

181 1149 477 1201 titudinem
490 1147 616 1200 fidei
629 1150 833 1206 nostrae,
849 1152 991 1203 hunc
1011 1150 1181 1205 Iesum
1193 1155 1314 1208 vere
1330 1157 1429 1208 ess'e
1444 1157 1732 1210 Messiamss

259 1231 320 1278 V.
366 1243 428 1287 23.
514 1216 623 1290 ἔφη.
649 1223 821 1276 verbis
835 1224 1104 1296 scripturae
1129 1219 1417 1298 respondet
1444 1265 1457 1286 ‚
1484 1231 1713 1284 nimium
1738 1246 1832 1285 aut

184 1315 369 1369 parum
386 1298 607 1350 sibinon
620 1297 810 1350 tribuit
828 1333 840 1354 ‚
868 1299 1168 1353 ministrum
1192 1301 1240 1352 se
1267 1304 1368 1355 effe
1394 1304 1556 1356 docet
1582 1320 1829 1364 tantum,

185 1388 303 1424 non
317 1372 645 1424 Dominum:
672 1371 801 1423 sicut
828 1373 1007 1424 Paulus
1034 1373 1099 1426 de
1126 1375 1175 1427 se
1201 1393 1232 1428 1.
1263 1378 1713 1443 coram-*ministri
1736 1396 1833 1450 per

188 1464 320 1518 quos
336 1444 641 1498 credidistis,
674 1449 855 1497 Docet
870 1447 1089 1518 baptista
1103 1449 1251 1520 quod
1263 1449 1326 1501 fit
1352 1451 1701 1505 ministerium
1726 1458 1834 1522 ejus

187 1521 245 1571 in
258 1520 443 1590 specie,
459 1520 558 1573 sive
572 1521 635 1572 ab
661 1519 888 1573 aliorum
924 1521 1217 1575 ministerio
1245 1522 1506 1576 diversum
1522 1559 1535 1581 ,
1560 1525 1835 1583 videlicet,

186 1611 366 1665 parare
378 1593 519 1647 viam
535 1595 799 1650 Domino,
815 1599 957 1662 juxta
969 1595 1371 1666 praedictionem
1385 1601 1468 1669 Sp.
1483 1600 1665 1651 Sanffi:
1679 1600 1836 1654 Vide-

187 1670 310 1721 liCet
324 1669 515 1736 Messias
529 1667 784 1737 praesenti.
1071 1700 1075 1701 ν
1569 1692 1574 1697 ’

265 1760 327 1808 25.
407 1741 492 1792 Καὶ
519 1737 750 1816 ὴξέῆηζαν.
777 1745 914 1793 Cum
939 1741 1207 1797 lohannes
1219 1744 1448 1816 superius
1464 1745 1528 1798 de
1552 1746 1601 1798 se
1629 1749 1838 1819 quaefita

191 1815 373 1873 omnia
388 1816 638 1887 negasset,
663 1815 853 1888 Legati
866 1817 972 1868 acri
987 1817 1227 1870 instantia
1240 1821 1538 1873 Iohannem
1554 1824 1841 1892 reprehen-

193 1894 349 1948 dunt,
365 1891 453 1963 qui
468 1907 669 1943 novum
683 1889 991 1959 baptizandi
1006 1891 1173 1943 ritum
1186 1893 1535 1950 inchoaverit>
1550 1895 1653 1946 sine
1681 1912 1836 1951 auto-

191 1969 349 2020 ritate
365 1963 570 2035 publica
584 1963 852 2033 ministerij
869 1964 1119 2033 ordinarij
1137 1987 1146 2016 :
1175 1984 1296 2019 cum
1313 1987 1425 2021 non
1440 1969 1627 2020 habeat
1642 1972 1838 2024 autori-

193 2055 364 2092 tatem
377 2037 849 2090 extraordinariam
866 2039 1133 2095 Divinam,
1158 2055 1218 2092 ut
1234 2043 1465 2093 Christus
1477 2077 1491 2098 ‚
1506 2058 1594 2091 aut
1610 2046 1838 2113 Prophe-

131 2109 133 2111 ’
191 2127 263 2164 ta.
341 2117 496 2165 Extat
517 2111 830 2167 vaticinium
856 2111 921 2163 de
947 2113 1089 2183 aquis
1114 2114 1524 2172 mundantibus,
1550 2118 1836 2170 Ezechielis

198 2195 269 2240 26:
286 2204 344 2250 25.
379 2185 481 2237 Sed
506 2185 625 2257 quia
650 2184 679 2237 ὲ
703 2186 940 2237 Iohanne
966 2205 1081 2238 non
1104 2187 1386 2244 adducitur
1403 2224 1415 2245 ‚
1433 2188 1552 2259 ness
1583 2188 1610 2239 a
1632 2189 1835 2263 legatis,

193 2260 285 2314 vix
311 2258 637 2311 credendum
653 2258 723 2310 est
738 2258 940 2312 Iudaeos
953 2261 1183 2329 potuiss'e
1198 2279 1263 2312 ex
1286 2262 1364 2313 his
1381 2261 1643 2313 deducere
1670 2266 1836 2316 ritum

192 2331 443 2401 baptismi
468 2353 480 2383 :
504 2330 592 2383 sed
603 2346 797 2405 urgent
824 2335 1040 2384 tantum'
1061 2334 1434 2391 vocationem,
1462 2332 1619 2406 quam
1642 2353 1837 2405 putant

178 2406 487 2461 Iohannem
502 2422 614 2459 non
627 2406 817 2464 habere
831 2404 952 2478 neq‘3
968 2405 1291 2462 ordinariam
1308 2443 1322 2466 ‚
1347 2407 1469 2481 τιθεὶς
1495 2409 1758 2463 Divinam,
1772 2429 1842 2463 ex

1014 2482 1058 2533 B
1095 2498 1120 2545 3
1717 2499 1839 2551 pro-
