2008 2911
496 197 551 261 c
643 197 703 260 A
793 141 1191 260 nsxx.
1641 191 1755 286 ,ἧς

82 326 167 386 bit
185 328 236 382 δε
261 339 431 398 reget,
453 323 624 399 gratia
637 328 719 395 Sp.
735 321 909 381 sancii,
931 322 1020 395 qui
1038 320 1195 376 datus
1217 317 1547 377 estfidelibus
1565 359 1578 380 ,
1604 319 1760 394 juxta*

80 400 495 472 promiffionem
510 398 718 456 Christi,
735 399 856 467 Joh.
878 418 951 464 14:
969 408 1037 452 16.
1065 398 1229 475 Aliun3
1235 399 1526 470 paracletum
1536 397 1650 452 dabo
1661 418 1750 451 vo..

79 474 160 532 bis,
179 475 236 536 εἴ
258 473 462 527 manebit
475 472 712 543 vobifitum
726 485 775 526 in
788 486 1028 526 aternum.
1106 471 1321 524 Deinde
1336 474 1561 527 verbum
1587 477 1748 529 Evan-

79 551 222 624 gelij,
246 549 422 623 (quod
439 548 511 602 est
524 550 748 604 verbum
766 548 833 601 de
851 549 1023 620 gratia
1038 545 1160 600 data
1176 546 1336 600 nobis
1350 545 1405 600 in
1419 547 1664 612 Christo)
1689 565 1746 602 e·-

77 625 260 678 rudiet
284 642 384 679 nos
410 628 462 678 &
489 623 713 678 definiet
730 623 889 678 nobis
916 620 1226 695 quaestiones
1255 625 1308 675 &
1347 622 1579 694 negocia
1601 620 1752 677 fideii

80 701 218 753 Huic
242 718 335 754 eos
363 698 719 753 commendat
747 702 800 753 &
829 697 1084 752 Divinam
1108 696 1546 750 benedictionem
1565 714 1747 768 preca--

79 789 195 828 tur:
233 775 532 848 significans
547 773 816 827 orandum
830 773 932 826 esse
949 776 1147 830 Deum,
1163 776 1216 825 δε
1229 769 1500 843 scripturis
1516 771 1748 846 diligen-

77 848 164 902 ter
190 847 619 902 incumbendum
637 883 651 906 ‚
685 848 831 904 unde
858 845 1180 919 expectanda
1204 845 1276 898 est
1300 845 1555 917 sapientia
1579 847 1634 900 in
1662 866 1746 901 re*

76 925 175 980 bus
191 923 332 979 fidei.
401 924 599 978 Mirum
615 923 688 976 est
700 942 851 997 ergo,
869 921 1022 998 quod
1037 940 1153 976 non
1168 920 1431 978 remiserit
1449 940 1543 977 eos
1556 922 1623 975 ad
1638 926 1744 977 Ro-

74 1017 298 1054 manum
317 998 658 1054 Pontificem,
676 998 1021 1054 universalem
1036 998 1183 1051 orbis
1198 996 1542 1068 Episcopum,
1558 998 1648 1070 qui
1664 999 1750 1050 ha·

78 1075 174 1129 bet
193 1092 418 1128 omnem
446 1072 757 1145 sapientiam
784 1072 1123 1129 reconditam
1144 1072 1200 1124 in
1227 1074 1473 1146 pestore:
1511 1073 1602 1126 led
1630 1071 1748 1128 for-

75 1149 208 1203 tasse
244 1168 360 1203 non
393 1149 547 1205 venit
572 1148 732 1203 Paulo
762 1149 818 1201 in
850 1163 1129 1203 mentem,
1155 1151 1400 1200 Romana
1438 1146 1744 1204 cathedram

76 1228 221 1297 Neq3
256 1223 404 1277 asola
423 1223 673 1295 potentia
689 1223 884 1279 Divina
910 1223 1026 1294 ipsis
1040 1222 1131 1275 hic
1157 1221 1596 1283 consolationem
1614 1240 1746 1295 prae-

72 1302 192 1357 bet,
207 1299 296 1352 sed
310 1298 376 1351 ad
398 1298 779 1370 promissiones
803 1297 1049 1369 respicit,
1069 1298 1198 1369 itaq3
1232 1315 1297 1349 ex
1329 1296 1435 1350 fide
1458 1297 1704 1370 loquitur
1729 1321 1749 1353 .-

74 1374 209 1428 sicut
225 1374 290 1427 de
306 1373 636 1439 Abrahamo,
658 1379 816 1427 Rom.
834 1394 882 1440 4:
901 1391 1003 1426 20.·
1054 1371 1268 1426 Deinde
1284 1373 1576 1440 objectioni
1593 1372 1659 1426 de
1675 1372 1761 1429 in?

75 1450 336 1506 firmitate
352 1449 590 1503 occurrit
607 1470 617 1499 :
662 1449 713 1502 Si
728 1449 1014 1503 infirmitas
1028 1447 1202 1500 nostra
1219 1447 1560 1510 conscientiae
1577 1464 1748 1504 terro-

75 1528 222 1581 ribus
242 1559 256 1582 ,
286 1522 458 1578 furori
489 1522 718 1580 diaboli,
748 1523 939 1578 mundi
960 1559 974 1580 ,
995 1538 1372 1595 tyrannorum,
1390 1527 1440 1576 &
1455 1523 1741 1578 haeretico-

73 1619 213 1657 rum,
227 1599 455 1652 resistere
470 1618 583 1656 non
598 1598 736 1654 valet
753 1622 766 1663 3
810 1604 954 1652 Deus
968 1613 1168 1668 potens
1181 1598 1270 1657 est,
1287 1599 1338 1651 ό(
1352 1615 1544 1671 augere
1564 1600 1741 1670 potest

76 1676 352 1730 scientiam
371 1673 623 1729 nostram,
639 1675 804 1727 robur
819 1673 1010 1729 animis
1039 1671 1236 1728 addere
1252 1708 1268 1731 ,
1285 1687 1543 1746 tyrannos
1569 1677 1742 1745 repri-

75 1768 243 1808 mere,
261 1747 541 1802 Ecclesiam
559 1747 870 1805 defendere,
887 1749 1006 1819 pios
1021 1747 1074 1799 in
1089 1747 1195 1800 fide
1221 1747 1420 1802 servare
1436 1783 1450 1806 ,
1466 1747 1577 1820 usq3
1593 1748 1660 1802 ad
1680 1750 1744 1803 fi-

74 1844 221 1883 nem,
239 1829 291 1880 &
307 1839 504 1878 aeterna
518 1823 856 1878 beatitudine
886 1822 1088 1876 donare
1105 1856 1120 1880 ,
1136 1827 1282 1893 juxta
1319 1821 1468 1883 datas
1490 1821 1547 1874 in
1571 1821 1752 1880 Evan-'

72 1901 220 1976 gelio
236 1898 627 1972 promissiones,
1758 1915 1763 1919 ·

147 1981 210 2032 V.
229 1996 288 2042 33.
372 1973 585 2048 A’gnge.
645 1980 799 2029 Nova
813 1988 1131 2050 argumenta
1156 1974 1489 2042 conclusioni
1526 1971 1741 2040 inserit3

68 2052 136 2105 ab
152 2049 402 2119 exemplo
419 2054 537 2102 luo:
594 2071 627 2104 1.
670 2048 854 2102 fideles
870 2051 1106 2104 Ecclesiae
1131 2051 1360 2104 ministri
1377 2050 1525 2126 ,plus
1541 2051 1739 2105 laboris

74 2131 128 2181 ὅ(
144 2142 277 2178 curae
292 2122 588 2194 suscipiant,
609 2124 675 2178 de
691 2124 1005 2180 auditorum
1021 2125 1238 2179 suorum
1263 2126 1425 2181 'salute
1447 2159 1459 2180 ,
1479 2143 1639 2198 quam
1671 2125 1752 2187 de,

64 2197 422 2273 acquisitione
438 2199 819 2268 possessionum
836 2201 1218 2270 temporalium
1239 2217 1262 2262 ;‘
1296 2201 1548 2270 exemplo
1565 2201 1740 2259 Pauli,

73 2276 165 2349 qui
182 2272 587 2345 posseffionibus
603 2290 793 2327 eorum
823 2293 938 2328 non
964 2274 1381 2330 inhiabat,ficut
1409 2273 1739 2346 pseudoapo-

71 2350 206 2404 stoli.
233 2368 274 2399 z,
291 2350 416 2400 Cor.
438 2346 496 2400 1i:
513 2368 594 2401 zo.
637 2348 726 2403 sed
740 2349 974 2405 alienum
990 2348 1039 2401 se
1052 2348 1276 2406 servavit
1304 2347 1441 2402 atali
1469 2351 1737 2420 cupidita*

69 2440 142 2479 te.
224 2421 435 2476 Deinde
451 2422 810 2496 indigentiam
824 2423 967 2478 suam
983 2427 1034 2477 δε
1047 2422 1337 2482 sociorum,
1355 2422 1618 2495 supplevit
1631 2432 1738 2478 ma-

66 2515 237 2576 nuum
265 2496 484 2577 labore,
524 2497 630 2572 sup.
649 2512 773 2559 c-18:
789 2520 823 2570 3.
854 2503 1033 2555 1.Cor.
1052 2517 1183 2563 42-12..
1209 2499 1439 2554 z.-Thess'.
1458 2518 1559 2559 ιτς).
1639 2501 1734 2552 In-

975 2579 1025 2633 V
1039 2590 1071 2625 u
1086 2592 1120 2626 u
1194 2592 1226 2627 a
1627 2587 1730 2625 ter=
